2746 4642
123 379 221 458 άίμων.
253 380 314 439 Καὶ
337 391 409 441 ante
432 381 462 439 οἱ
482 403 544 441 non
568 383 731 460 corripitur
752 385 930 460 saepissime
953 385 1036 460 apud
1057 385 1240 442 Homerum:

123 487 155 542 in
179 487 240 543 arsi
264 485 292 540 K
314 487 375 543 328
398 482 451 540 καί
470 483 500 541 οἱ
519 480 661 560 ὄμοσσεν,
688 484 707 539 Ι
730 486 800 543 156.
825 489 856 542 Λ
880 488 950 544 789.
978 487 1011 541 Ψ
1031 487 1103 544 564.
1127 488 1159 543 iu
1184 484 1240 562 (3)

123 587 217 645 thesi:
248 589 272 642 Z
295 588 345 645 91.
370 584 395 642 Θ
418 588 490 645 331.
516 587 626 644 1591.
651 587 680 641 Κ
703 587 774 644 213.
798 586 832 641 Ν
852 588 924 645 420.
949 583 977 648 Ξ
998 590 1048 646 93.
1074 590 1243 646 Tasa—

124 689 163 746 V.
178 690 219 746 46
243 685 274 745 εἴ
291 685 334 757 τίς
355 687 386 744 οἱ
403 683 520 765 γαιέων.
547 690 598 758 Τις
614 689 793 765 producitur
810 689 828 744 Ι
850 690 910 746 392
927 684 959 757 ὅς
976 709 1018 759 τις
1034 680 1065 745 οἷ
1077 682 1103 746 τ’
1121 684 1242 746 ἐπέοικε.

125 791 153 846 K
177 791 236 847 129
268 785 363 858 οὕτως
392 786 430 846 οὕ
451 787 496 858 τίς
525 789 555 846 οἱ
576 785 772 864 νεμεσήσεται.
802 824 844 830 -
872 790 910 848 V.
936 793 974 848 75
1002 786 1022 866 ἥ
1044 810 1097 848 κεν
1123 785 1183 870 άδη
1206 790 1242 847 οῖ.

125 892 232 950 Simile
260 892 434 969 exemplum
462 912 525 949 non
553 893 675 969 repperi
706 892 788 969 apud
817 892 999 968 Homerum,
1038 893 1093 951 scd
1119 894 1244 970 longam

124 994 262 1052 vocalem
285 996 317 1051 in
341 995 401 1052 arsi
426 1014 488 1051 non
512 1003 683 1070 correptam
706 1002 820 1051 certum
837 994 1028 1072 digammatis
1044 997 1165 1072 signum
1180 1015 1243 1052 non

124 1116 193 1154 esse
216 1097 277 1154 iam
299 1099 406 1154 notum
429 1105 488 1171 est,
514 1097 552 1154 cf.
576 1117 605 1152 v.
630 1097 669 1152 26
692 1101 809 1175 κραναῇ
832 1091 877 1152 ε’νὶ
899 1093 981 1174 νήσῳ
1006 1093 1046 1172 (ν.
1066 1099 1104 1155 16
1127 1102 1243 1176 κραναῇ

126 1193 171 1254 ἐνὶ
193 1194 305 1276 Δήλῳ).
380 1193 384 1198 ’

210 1297 242 1375 2)
266 1299 396 1357 Duobus
421 1299 535 1358 deinde
557 1299 631 1357 loeis
655 1301 771 1358 formae
795 1309 916 1359 exstant
938 1301 1024 1359 verbi
1046 1295 1146 1372 ἁδεῖν,
1171 1321 1244 1378 quo·

126 1422 191 1458 rum
214 1401 293 1460 alter
315 1411 360 1460 ost
385 1402 450 1473 illo,
482 1422 573 1480 quom
595 1401 685 1459 modo
710 1402 879 1474 attulimus,
904 1424 932 1463 v.
956 1404 995 1460 75
1017 1398 1037 1477 η’
1052 1423 1105 1459 κεν
1126 1396 1185 1481 άδη
1207 1400 1245 1473 or‘,

126 1503 204 1562 alter
225 1525 253 1561 v.
278 1505 317 1560 22
341 1509 436 1560 πᾶσαν
466 1500 498 1560 δὲ
527 1501 650 1560 σκοπιαί
670 1522 712 1558 τοι
734 1498 819 1559 άδον.
864 1503 926 1562 Vix
949 1505 1098 1581 estquod
1122 1503 1242 1574 addam,

127 1627 166 1664 nc
189 1606 353 1684 vestigium
375 1607 500 1685 quidem
523 1607 715 1684 digammatis
738 1607 883 1683 conspici.

211 1704 242 1783 3)
270 1708 423 1767 Videatur
440 1730 540 1768 uersu
570 1710 609 1766 74
639 1709 830 1786 digammatis
863 1709 1025 1785 vestigium
1056 1729 1136 1767 osse:
1171 1702 1244 1764 κατὰ

42 1837 46 1842 ·
126 1805 231 1884 κρατὸς
255 1804 342 1879 άλις
365 1809 431 1867 αιέί.
470 1811 532 1869 Sed
555 1831 740 1888 quamquam
761 1806 1013 1868 verisimillimum
1035 1811 1087 1880 sit,
1111 1809 1169 1868 lroc
1192 1810 1244 1868 ad-

124 1906 264 1970 ierbium
297 1914 420 1990 proprie
453 1908 539 1981 άάλις
571 1914 680 1983 fuisse,
716 1913 830 1989 quippe
862 1912 963 1988 quod
982 1912 1145 1970 cohaereat
1178 1932 1245 1969 cum

126 2013 219 2072 verbo
241 2006 352 2088 ἆληναι
376 2011 512 2089 (Curtius
537 2014 675 2074 Grundz.
699 2035 769 2091 pag.
786 2010 872 2088 463),
897 2022 1000 2072 tamen
1023 2035 1063 2072 nc
1086 2035 1124 2073 ex
1145 2014 1245 2072 Iliada

127 2116 251 2193 quidem
272 2115 330 2174 hoc
354 2116 556 2175 demonstrari
578 2126 680 2193 posset
705 2112 757 2191 (cf.
780 2115 894 2174 Hoffm.
918 2112 1056 2193 Quaestt.
1075 2114 1093 2190 ξ
1113 2117 1181 2186 141,
1200 2112 1244 2192 3).

127 2216 236 2295 Itaque
263 2218 371 2276 miram
400 2218 483 2277 illam
511 2217 745 2294 productionem
767 2217 846 2275 malo
869 2217 943 2274 inde
967 2217 1133 2294 explicaro,
1163 2217 1245 2294 quod

127 2316 232 2396 κρατός
256 2321 320 2378 fere
344 2339 464 2396 sempor
487 2319 570 2396 apud
584 2319 752 2378 Homerum
768 2319 809 2376 ita
827 2328 872 2376 est
888 2313 1028 2395 positum,
1054 2328 1087 2375 ut
1110 2326 1245 2376 extrema

127 2421 247 2499 syllaba
269 2421 302 2478 in
325 2422 386 2479 arsi
408 2421 594 2499 producatur
619 2417 670 2494 (cf.
687 2440 705 2476 κ
721 2421 781 2477 362
805 2414 879 2477 κατά
903 2416 1020 2496 κρατός,
1045 2419 1072 2474 Ε
1089 2422 1115 2476 7.
1133 2420 1158 2474 Ζ
1173 2420 1243 2477 472.

130 2522 244 2581 Paos.
269 2523 301 2577 X
320 2524 391 2580 res.
416 2542 428 2579 ε
453 2524 522 2580 aaa.
547 2542 557 2576 ι
580 2524 650 2580 mo.
675 2545 693 2579 ι
717 2501 788 2581 roa.
813 2524 882 2581 ars.
907 2526 922 2592 ξ
946 2520 1037 2596 ara).-

211 2622 244 2701 4)
268 2624 334 2682 Νοο
357 2645 468 2682 nomen
490 2619 585 2695 άναξ
608 2646 665 2683 nec
687 2623 813 2683 verbum
836 2617 1020 2681 ἀνάσσειν
1041 2625 1136 2682 ullam
1152 2624 1244 2682 offon-

127 2728 245 2784 sionem
272 2726 436 2803 praebent:
466 2726 579 2803 legitur
607 2727 688 2783 enim
716 2748 745 2783 v.
772 2726 809 2781 15
831 2718 1001 2781 Ἀπόλλωνα
1024 2719 1053 2780 τ’
1077 2719 1192 2781 άνακτα
1216 2734 1246 2783 ct

127 2850 157 2886 v.
180 2830 218 2885 29
242 2830 399 2902 θνητοῖσιν
421 2820 570 2896 ἀνάσσεις.
615 2828 663 2885 Ι)ο
686 2828 771 2885 hiatu
800 2835 916 2898 autem,
948 2828 1000 2903 qui
1024 2836 1069 2884 cst
1090 2848 1119 2884 v.
1138 2829 1186 2884 63.
1206 2829 1246 2884 90

130 2924 257 3004 (ἑκάτοιο
279 2923 433 3007 άνακτος),
457 2930 644 2988 monendum
667 2938 726 3000 est,
751 2948 766 2984 ο
788 2929 925 2987 vocalem
948 2930 1167 3004 genetivorum,
1193 2929 1245 3005 qui

129 3031 275 3090 desinunt
302 3033 334 3088 in
358 3051 401 3087 οιο
429 3051 479 3102 ao,
512 3032 594 3108 apud
613 3026 792 3090 'Homerum
821 3050 985 3107 urinaquam
1015 3030 1088 3088 elidi
1119 3027 1245 3104 (Hoffm.

128 3136 145 3204 S
170 3134 209 3190 64
234 3131 283 3211 d),
309 3134 346 3193 cf.
370 3129 517 3209 Πριάμοιο
539 3127 649 3207 ἕλωμεν
672 3129 710 3207 (Β
725 3130 815 3209 332),
839 3136 981 3206 ποταμοῖο
1004 3127 1092 3188 ε’ώσιν
1118 3128 1168 3206 (Ψ
1180 3129 1244 3206 73).

128 3233 166 3292 V.
193 3236 253 3293 141)
275 3227 363 3302 αὐτὸς
387 3228 428 3303 d',
457 3227 649 3311 doyvodro'gs,
678 3229 754 3304 άναξ
784 3227 940 3308 ἑκατηβόλ’
967 3226 1117 3289 Ἁπόλλων
1144 3233 1245 3291 hiatus
1282 3211 1287 3220 „
1346 3227 1353 3236 ⁸

130 3344 174 3394 cst
197 3337 229 3394 in
253 3357 378 3396 caesura
403 3334 527 3412 (Hoffm.
552 3341 569 3408 ,tf
594 3335 658 3412 66).
910 3323 912 3327 ’

215 3434 247 3511 ὅ)
272 3438 310 3496 V.
336 3439 374 3496 64
404 3439 466 3496 exit
494 3440 525 3494 in
549 3434 607 3512 εἰμὶ
630 3433 804 3511 δυσηχης.
849 3436 917 3494 Ηοο
940 3436 1138 3507 adiectivum,
1163 3435 1246 3513 quod

129 3541 195 3597 sine
220 3539 312 3597 dubio
335 3560 402 3596 cum
425 3532 543 3613 αδίαχοι
566 3538 598 3593 Ν
620 3540 658 3594 41
691 3538 846 3609 cohaeret,
879 3539 961 3614 apud
988 3537 1155 3596 Homerum
1184 3559 1245 3595 non

129 3642 189 3698 uisi
217 3641 249 3697 in
277 3641 324 3697 his
353 3640 460 3698 Iliadis
489 3641 626 3698 formulis
655 3641 768 3716 legitur
789 3635 924 3712 πολέμοιο
946 3635 1088 3712 δυσηχέος
1113 3633 1152 3716 (Β
1175 3638 1246 3696 6663

131 3743 161 3797 Η
186 3744 257 3799 376.
281 3744 352 3800 395,
377 3745 408 3798 Λ
432 3742 503 3800 524.
528 3743 598 3800 590.
623 3741 654 3796 Ν
677 3743 748 3798 535.
773 3742 802 3795 Σ
823 3740 910 3817 307),
933 3736 1080 3797 θανάτοιο
1103 3735 1245 3813 δυσηχέος

131 3840 179 3918 (Π
194 3843 269 3899 442.
293 3844 323 3897 Σ
342 3844 413 3900 464.
438 3843 469 3897 Χ
491 3840 582 3918 180),
605 3842 658 3900 ubi
680 3842 840 3900 Bekkems
868 3863 922 3900 suo
946 3843 1011 3900 iure
1036 3842 1187 3917 digamma
1210 3863 1245 3900 co

130 3946 279 4016 restituit,
312 3945 394 4022 quod
417 3945 537 4021 scripsit
558 3946 687 4019 πολεμού
710 3937 891 4017 δοσάηχέος,
914 3938 1050 3998 θανάτου
1074 3937 1244 4017 δνσάηχὲος.

132 4045 280 4104 Videmus
303 4048 396 4123 igitur
420 4046 571 4123 digamma
593 4054 747 4104 servatum
769 4047 801 4102 in
824 4045 958 4123 antiquis
974 4044 1121 4102 formulis.
1151 4044 1193 4101 At
1210 4066 1245 4103 co

131 4146 206 4218 loco,
232 4148 270 4205 dc
294 4166 353 4223 quo
377 4147 509 4224 agimus,
534 4146 683 4205 eiusmodi
705 4147 855 4204 restitutio
876 4146 943 4204 fieri
965 4165 1027 4202 non
1050 4154 1159 4224 potest.
