2746 4642
639 196 676 262 17

90 387 165 471 μεθ’
190 383 285 468 εἶναι,
317 392 345 447 Δ
367 393 439 451 405.
464 391 489 448 0
512 392 573 450 296
598 389 679 450 etc*
701 423 743 431 -
767 386 840 467 299)
866 384 985 463 δώματα
1008 383 1099 463 καλοί,
1127 407 1146 444 ιι
1170 388 1217 445 13.

93 500 126 555 Λ
150 497 201 555 77.
230 517 248 573 γ
278 496 338 554 387
369 504 426 554 etc.
455 527 496 535 —-
527 491 600 569 300)
631 490 720 565 φίλας
749 483 892 564 ἀλόχους,
922 489 950 543 Δ
972 490 1043 547 233.
1073 521 1114 531 ·—
1143 489 1218 547 ibid.

93 596 185 656 πίονα
208 593 301 672 νηόν,
329 618 350 672 μ
373 593 468 655 346*.
494 629 531 638 -
556 592 630 679 303)
655 589 729 671 με’γα
755 595 861 668 λαῖτμα
883 586 1057 665 θαλάσσης,
1088 610 1101 648 ε
1126 588 1220 648 1742.

98 731 134 742 -
159 697 235 776 304)
264 693 342 755 scaci
373 692 525 773 φρονέων,
554 696 586 751 Η
610 698 660 754 70.
689 697 718 752 Κ
740 695 812 754 486.
842 726 884 736 --
913 693 988 752 ibid.
1017 689 1106 749 πίονα
1135 688 1220 766 νηόν,

95 798 236 878 μ346*.
272 820 304 841 ³·-
335 798 409 876 307)
440 792 598 874 διᾶμπερὲς
627 793 727 872 ἤματα
756 793 870 870 πάντα,
900 794 917 852 d
946 792 1045 859 209*;
1072 789 1103 869 η’.
1131 812 1161 849 π.
1193 791 1219 849 d.

97 903 132 960 Π
144 903 218 961 499.
243 909 278 942 -’-
305 898 380 976 311)
397 896 469 975 νηὸς
493 895 588 974 ἐΐσης,
612 898 725 957 0729.
749 900 852 956 ο280.
876 928 917 938 -
940 894 1013 972 312)
1031 891 1079 952 ἐπὶ
1101 892 1222 971 ῥηγμῖνι

96 999 274 1078 θαλάσσης,
302 1003 332 1058 A
355 1002 427 1060 437.
457 999 564 1059 0501
594 997 676 1058 ete*
702 1030 737 1040 -
763 996 836 1074 313)
862 993 913 1054 ε’πί
932 989 958 1054 τ’
983 992 1093 1070 ι’ίλφιτα
1119 991 1221 1069 λευκοί,

76 1107 129 1161 -Λ
146 1105 218 1164 640.
234 1123 253 1160 ιι
269 1103 340 1162 520.
356 1105 372 1159 λ
389 1100 462 1161 234.
486 1136 527 1146 -
551 1099 624 1178 315)
649 1096 682 1158 ἕν
704 1093 848 1177 ἠεροειδέϊ
867 1095 976 1178 πόντῳ,
999 1120 1017 1175 y
1033 1099 1103 1157 294.
1120 1117 1134 1154 ε
1150 1098 1221 1156 281,

98 1206 199 1264 0568
217 1202 293 1264 etc*
308 1237 349 1245 -
373 1202 448 1281 319)
472 1206 536 1283 θοῇ
558 1198 638 1279 παρὰ
663 1198 717 1277 νηίΙ
735 1199 869 1281 μελαίνῃ,
892 1201 922 1256 Α
938 1202 1008 1262 300.
1035 1201 1062 1255 Τ
1074 1201 1133 1257 331
1153 1193 1221 1274 (ἑνὶ)

100 1305 230 1366 etc.*-
242 1303 316 1382 323)
333 1301 423 1361 πίονα
439 1301 522 1379 νηόν,
539 1286 583 1364 cf}
592 1304 632 1363 ad
648 1301 743 1361 304*.
760 1337 800 1344 -
817 1300 891 1379 330)
909 1296 956 1358 ἐπὶ
972 1298 1093 1378 ῥηγμῖνι
1107 1295 1223 1357 θαλάσ-

100 1421 173 1484 σης,
203 1408 242 1467 cf.
266 1408 307 1467 ad
329 1404 424 1465 312*.
451 1438 485 1448 -
512 1404 587 1482 331)
613 1400 663 1462 ἐπί
682 1398 709 1460 τ’
733 1400 845 1477 ιίλφιτα
866 1398 973 1477 λευκοί,
1002 1403 1041 1460 cs.
1065 1402 1105 1462 ad
1127 1399 1223 1460 313*,

99 1542 140 1549 -
164 1506 240 1584 337)
266 1503 298 1565 ἓν
319 1505 467 1584 χείρεσσιν
489 1502 573 1582 ἔχων,
597 1527 613 1581 χ
635 1507 706 1565 332.
730 1505 843 1564 0311.
871 1506 960 1563 Τ18.
987 1536 1023 1546 -
1048 1501 1121 1580 342)
1145 1493 1223 1576 αἶψα

76 1603 130 1666 ·d'
155 1606 271 1684 ἵκοντο,
302 1611 333 1664 Σ
352 1606 449 1668 532*.
474 1630 489 1664 τ
511 1609 583 1672 458.
607 1628 630 1665 ω
654 1609 703 1666 13,
727 1641 768 1649 -
792 1604 865 1682 345)
888 1603 978 1662 πίονα
1002 1601 1092 1680 νηόν,
1121 1606 1160 1663 cf.
1184 1604 1224 1662 ad

100 1708 197 1770 304*.
220 1743 263 1752 -
284 1707 359 1787 348)
382 1712 450 1785 τηλε
475 1708 572 1783 φίλων
593 1706 644 1766 καὶ
665 1707 805 1787 πατρίδος
828 1706 915 1783 αἴης,
945 1711 976 1764 Λ
999 1709 1071 1766 317.
1096 1706 1130 1761 Π
1151 1707 1223 1763 539.

100 1814 203 1872 τ301.
226 1833 249 1869 ω
265 1809 359 1871 2904.
384 1843 425 1853 -
448 1809 522 1887 359)
546 1806 704 1888 περικλυτὰ
729 1804 803 1884 φῦλ’
829 1804 1014 1886 ἀνθρώπων,
1038 1804 1139 1869 Ξ361
1163 1802 1225 1882 (ἐπὶ

99 1909 240 1990 ιιλοτοί)*.
274 1944 306 1953 -
340 1911 413 1989 360)
443 1905 516 1986 φῦλ’
546 1904 735 1988 ἀνθρώπων,
764 1933 782 1988 γ
812 1911 883 1970 282.
914 1930 930 1966 ο
957 1907 1055 1970 409*.
1078 1941 1119 1951 -
1149 1906 1223 1984 365)
1281 1954 1284 1959 .

98 2010 202 2090 ἤματα
223 2010 332 2089 πάντα,
357 2011 382 2069 Θ
405 2014 465 2073 539
491 2022 563 2086 etc,
589 2014 629 2070 24
651 2013 725 2071 locis
748 2014 781 2071 in
803 2013 864 2072 fine
886 2032 1008 2084 versus,
1034 2018 1169 2090 quatuor
1191 2011 1224 2067 in
1310 2058 1314 2063 .

103 2118 134 2173 2.
158 2123 189 2176 et
212 2117 241 2174 3.
264 2115 345 2193 pede
370 2112 415 2190 (N
437 2116 509 2173 826.
533 2114 568 2170 H
587 2115 659 2173 499.
681 2116 706 2171 0
728 2115 800 2174 468.
824 2134 841 2170 ιι
864 2111 950 2190 467).
976 2146 1014 2154 -
1039 2111 1112 2190 366)
1137 2107 1226 2189 φρεσί
1251 2103 1254 2111 ’

102 2223 190 2296 σῇσι,
213 2213 242 2278 Ξ
264 2218 335 2274 221.
359 2217 430 2275 264.
455 2215 489 2273 Σ
508 2214 594 2274 463*
618 2225 675 2275 etc.
1063 2218 1065 2223 ’

188 2317 256 2376 Iam
270 2318 297 2375 si
312 2337 374 2374 uno
390 2337 516 2376 numero
532 2317 671 2375 volumus
688 2316 912 2394 quodammodo
928 2316 1115 2393 significare,
1134 2335 1225 2392 quae-

102 2439 174 2479 nam
197 2419 280 2501 ‘ratio
309 2419 390 2478 inter
411 2426 508 2476 totum
540 2417 623 2476 hunc
654 2419 802 2497 hymnum
830 2416 1002 2476 intercedat
1031 2426 1061 2475 et
1090 2418 1226 2475 carmina

102 2520 272 2593 homerica,
302 2519 353 2578 hic
375 2539 496 2597 quoque
520 2521 548 2578 ei
576 2539 683 2578 versus
706 2518 890 2578 numerandi
918 2526 1002 2590 sunt,
1035 2519 1086 2596 qui
1114 2527 1227 2577 exeant

104 2623 137 2680 in
161 2621 358 2680 hemistichia
379 2621 429 2679 vel
452 2621 804 2680 fo1mulashomericas:
828 2640 903 2698 quos
925 2628 971 2678 tot
994 2639 1061 2678 esse
1076 2619 1224 2690 videmus,
1309 2630 1311 2634 “

104 2731 138 2781 ut
160 2742 261 2801 paene
286 2721 480 2780 dimidiam
502 2730 621 2799 partem
642 2723 736 2781 totius
758 2723 867 2801 hymni
886 2721 1042 2798 expleant.
1080 2720 1226 2780 Attamen

106 2844 173 2883 cum
194 2824 366 2883 accuratius
388 2823 587 2900 inquirerem,
613 2824 753 2882 intellexi
775 2822 1002 2882 memorabilem
1024 2822 1104 2881 hanc
1127 2823 1226 2880 imita·

105 2927 221 2984 tionem
243 2945 306 2983 non
324 2925 431 3002 quavis
453 2925 562 3004 hymni
584 2933 671 3003 parte
693 2933 810 2985 tantam
827 2945 907 2997 esse,
931 2923 987 2982 sed
1009 2925 1140 2981 maxime
1156 2944 1226 2981 con-

106 3027 183 3106 spici
210 3027 242 3083 in
270 3027 487 3104 posteriore
515 3035 612 3105 parte.
664 3026 711 3085 Ac
739 3048 805 3086 cum
835 3027 896 3084 iam
924 3034 1016 3084 antea
1046 3025 1225 3097 dubitarem,

107 3149 180 3186 num
207 3134 290 3185 totus
313 3127 445 3206 hymnus
469 3127 506 3185 ab
530 3148 591 3185 uno
616 3127 784 3206 eodemque
811 3136 904 3206 poeta
927 3135 1007 3186 esset
1030 3127 1224 3204 compositus

55 3262 60 3271 ·
108 3249 192 3288 nune
220 3229 280 3287 iam
303 3228 405 3286 nullus
434 3227 554 3300 dubito,
585 3231 660 3306 quin
689 3230 883 3306 complura
910 3230 1046 3287 carmina
1072 3229 1105 3285 in
1133 3229 1226 3285 unius

108 3331 242 3409 speciem
264 3331 327 3388 sint
349 3338 464 3390 coacta.
503 3328 591 3406 Quae
615 3330 696 3388 enim
718 3330 792 3388 inde
815 3350 833 3387 a
849 3350 939 3388 versu
956 3331 1018 3388 210
1042 3330 1079 3388 de
1103 3328 1228 3388 Creten·

109 3431 194 3491 sibus
217 3417 278 3489 illis
301 3440 478 3503 narrantur,
507 3450 583 3508 quos
605 3429 718 3509 Apollo
741 3430 881 3508 Delphos
906 3430 1040 3502 duxerit,
1064 3430 1140 3487 haec
1162 3451 1230 3487 cum

110 3535 168 3606 eie,
193 3553 273 3611 quae
294 3533 441 3610 leguntur
455 3554 505 3591 vv.
523 3534 592 3592 120.
611 3534 680 3604 121,
705 3533 757 3590 vix
775 3533 931 3591 conciliari
946 3551 1049 3610 posse,
1074 3532 1134 3589 iam
1149 3531 1229 3589 Bau·

109 3636 270 3694 meisterus
299 3635 378 3693 vidit
402 3631 487 3712 (pag.
513 3632 602 3711 117),
634 3654 818 3712 quamquam
846 3633 942 3704 idern,
972 3652 1033 3709 qua
1063 3641 1108 3690 est
1129 3632 1229 3689 indul-

110 3737 231 3813 gentia,
256 3756 311 3794 nos
334 3735 492 3807 admonet,
517 3755 556 3794 ne
580 3735 617 3793 ob
641 3756 708 3795 earn
730 3755 793 3793 rem
817 3734 854 3793 de
877 3734 1114 3811 interpolatione
1133 3734 1229 3810 suspi-

110 3839 230 3896 cionem
246 3838 410 3915 capiamus
447 3837 490 3894 At
513 3855 613 3914 neque
630 3856 687 3913 ego
704 3836 787 3907 dico,
811 3838 885 3894 istos
900 3855 1007 3894 versus
1030 3834 1230 3910 interpolatos

111 3959 192 4011 csse,
219 3940 274 3998 sed
298 3939 480 4016 compositos
504 3958 556 3996 eos
579 3958 731 3995 essenon
754 3937 792 3996 ah
816 3937 924 3996 eodem
947 3944 1052 4013 poeta,
1077 3937 1129 4011 qui
1152 3955 1229 3993 eorn-

110 4042 213 4118 posuit
242 4041 371 4118 priorem
400 4048 517 4116 partem
538 4039 629 4098 huius
653 4040 807 4098 carminis.
851 4039 902 4096 Illi
926 4039 1021 4109 enim,
1051 4037 1103 4114 qui
1127 4046 1232 4096 auctor
1344 4084 1347 4089 .

111 4143 170 4200 fuit
186 4142 362 4219 posterioris
379 4141 488 4218 partis,
512 4141 584 4213 „dei
601 4142 688 4200 ferax
702 4141 861 4218 ingenium
876 4139 1060 4217 negavisse“
1075 4139 1230 4197 videntur.

1006 4236 1027 4298 2
