2700 4636
656 203 726 265 18Δ

599 293 716 300 ,----
735 294 751 298 ..

114 393 194 452 Nam
218 394 255 451 dc
280 393 340 451 158
363 395 407 451 cis
429 392 583 464 versibus,
614 395 667 469 qui
695 402 766 450 sunt
794 393 867 450 inde
896 415 913 450 a
941 412 1031 450 versu
1055 395 1116 451 210
1138 413 1220 471 usqu

115 496 154 553 ad
183 496 274 552 finem
300 495 421 572 hymni,
452 494 727 572 undetriginta
756 493 794 551 ab
822 493 956 552 Homero
985 493 1140 571 profectos
1170 515 1220 552 esst

114 616 206 674 supra
234 595 441 654 demonstravi
471 593 514 671 (h.
544 616 570 653 c.
600 595 665 653 fere
698 596 805 672 quinta
838 615 909 672 pars
936 597 1062 654 extremi
1095 594 1217 674 hymni)

115 698 239 755 omnino
262 706 364 756 antem
386 697 464 756 adeo
479 697 607 756 Homeri
630 697 795 755 dictionem
813 716 988 774 expressam
1004 717 1070 755 osse
1085 697 1220 756 videmus

113 807 147 856 ut
175 808 237 856 tres
265 800 391 879 quintae
418 798 526 857 horum
553 818 696 856 versuum
724 800 756 855 in
788 789 933 856 formulas
961 799 1011 857 vel
1044 799 1220 857 hemistichiz

113 899 269 958 homerica
298 909 410 959 exeant
444 896 496 974 (ex
522 899 661 958 versibus
692 901 751 957 158
779 919 885 958 versus
915 897 980 976 95).
1029 899 1141 976 Itaque
1173 921 1220 957 nor

114 1001 288 1059 mirandum
317 1009 375 1072 est,
412 1000 495 1078 quod
528 1001 629 1058 omnia
662 1000 812 1059 vocabula
840 1009 962 1078 praeter
992 1001 1029 1056 13
1059 1002 1120 1058 iam
1152 1021 1220 1078 apin

115 1102 284 1161 Homerum
307 1103 516 1161 inveniuntur.
529 1097 567 1177 ¹⁷)
611 1103 721 1180 Longe
744 1103 805 1162 alia
827 1103 937 1179 prioris
959 1103 1054 1179 partis
1076 1103 1154 1184 ratio
1178 1112 1220 1160 est

116 1203 266 1263 Continet
295 1225 332 1263 ca
361 1205 423 1263 210
450 1223 571 1276 versuo,
606 1224 735 1282 quorum
770 1212 851 1262 octo
880 1212 1000 1262 tantum
1032 1223 1070 1261 ox
1099 1203 1220 1261 Homer

115 1306 227 1383 sumpti
249 1314 321 1363 sunt
345 1301 420 1380 (vid.
435 1325 506 1383 pag.
525 1303 589 1382 11).
626 1305 772 1364 Attamen
794 1325 895 1382 neque
919 1306 996 1363 haec
1018 1325 1088 1382 pars
1111 1307 1220 1382 propri

115 1427 212 1464 unum
234 1426 357 1465 carmen
380 1406 495 1478 effecit,
519 1406 574 1465 sed
596 1426 664 1466 mea
686 1407 811 1484 quidem
834 1407 980 1484 opinione
1003 1407 1089 1464 aliud
1112 1428 1220 1465 carme}

114 1527 212 1586 usquc
235 1508 419 1567 adversum
443 1508 501 1564 121
526 1509 673 1585 pertinet,
704 1507 789 1565 aliud
817 1507 890 1565 indo
920 1527 1016 1584 usque
1046 1508 1085 1566 ad
1113 1529 1220 1566 versun

117 1611 187 1668 196.
225 1607 318 1685 Quod
340 1616 374 1664 ut
394 1615 526 1666 statuam
548 1609 680 1666 maxime
701 1629 749 1666 mc
772 1618 949 1680 commovet,
974 1609 1056 1686 quod
1074 1611 1102 1667 ci
1117 1630 1220 1668 versus

115 1709 225 1787 quibus
254 1709 292 1768 de
315 1708 460 1787 Pythone
485 1716 515 1767 et
536 1708 713 1787 Thyphone
736 1711 839 1787 agitur
863 1707 1066 1787 (122-196),
1093 1719 1123 1769 et
1146 1732 1220 1789 argu

115 1820 217 1869 mento
240 1819 271 1869 ct
293 1811 466 1869 elocutione
488 1811 614 1889 propius
638 1811 790 1870 accedunt
812 1811 852 1870 ad
875 1832 971 1888 genus
989 1811 1220 1871 Hesiodeum

115 1913 275 1970 Formulas
298 1913 380 1970 enim
402 1912 582 1978 nonnullas,
613 1931 688 1990 quas
712 1913 825 1971 frustra
847 1913 931 1990 apud
952 1913 1119 1971 Homerum
1142 1933 1220 1992 qnae

115 2015 182 2086 sivi,
207 2015 313 2071 inveni
336 2013 420 2091 apud
435 2013 618 2072 Hesiodum:
645 2013 717 2089 157)
738 2009 859 2088 Τιτῆνές
881 2034 909 2070 τε
925 2012 1001 2088 θεοί,
1025 2015 1145 2093 Theog.
1162 2019 1220 2075 636

84 2109 92 2121 ’
117 2115 177 2173 648
198 2112 243 2189 (in
259 2114 328 2174 ead.
344 2134 423 2172 vers.
439 2112 536 2191 sede).
552 2145 593 2156 —
609 2114 684 2173 ibid.
701 2108 761 2173 ,ὑπὸ
783 2111 872 2189 χθονὶ
895 2112 1090 2191 ναιετάοντες,
1113 2118 1220 2194 Theog

117 2217 187 2274 621.
212 2217 283 2275 564.
312 2247 355 2257 —-
384 2214 561 2292 163)Ταῖα
589 2209 760 2293 φερέσβιος,
789 2217 908 2295 Theog.
933 2220 1003 2278 693.
1032 2252 1074 2259 -
1104 2217 1178 2294 165)
1203 2215 1220 2274 ἐς

116 2313 222 2374 τούτου
244 2313 282 2392 δὴ
306 2312 420 2391 ἔπειτα,
446 2317 566 2394 Theog.
589 2318 661 2376 562.
689 2326 726 2360 -’
750 2317 822 2395 166)
848 2315 920 2388 Διὸς
943 2317 1126 2394 μητιόεντος,
1151 2318 1220 2398 Opp

116 2420 167 2477 51.
198 2422 268 2478 767.
296 2452 338 2461 -
367 2415 453 2496 [1116)
482 2413 570 2493 μένος
598 2412 678 2490 ὀξέος
704 2413 845 2493 Ἠελίοιο,
878 2418 959 2498 Opp.
988 2422 1059 2480 412.
1091 2417 1141 2498 ἡ)
1170 2421 1220 2479 vid

115 2520 197 2577 infra
219 2541 289 2597 pag.
313 2523 364 2579 27,
407 2521 518 2598 Itaque
548 2520 586 2578 de
614 2541 677 2579 una
705 2521 762 2579 hac
789 2530 876 2598 parte
904 2522 1129 2599 quodammodo
1157 2523 1220 2580 illu·

115 2621 211 2693 valet,
240 2621 324 2698 qnod
349 2622 577 2680 Baumeistcrus
608 2621 646 2680 de
673 2631 736 2681 toto
767 2624 900 2682 carmine
930 2621 1013 2701 (pag.
1039 2620 1112 2697 115)
1144 2623 1220 2681 dicit

117 2718 208 2799 (cius)
232 2730 375 2800 „poetam
397 2742 460 2780 non
484 2742 521 2780 cx
542 2722 719 2782 Homeridis
742 2723 844 2797 fuisse,
868 2725 924 2783 scd
947 2745 963 2783 e
987 2724 1149 2801 disciplina
1171 2726 1220 2782 He

115 2824 195 2881 siocli
223 2824 424 2902 profectum“.
469 2822 561 2900 Quod
589 2832 692 2884 tamen
720 2834 808 2885 caute
837 2825 1050 2911 accipiendum
1073 2835 1132 2885 est:
1162 2847 1220 2885 nar

116 2945 214 3003 pauca
245 2934 364 2984 tantum
391 2924 540 2984 Hesiodei
573 2927 695 3002 generis
728 2928 859 3004 vestigia
890 2928 1105 2999 inveniuntur,
1140 2928 1220 3006 long

115 3027 247 3104 plurima
274 3027 314 3084 ad
335 3025 503 3084 Homerum
529 3035 680 3105 spectant.
724 3027 842 3105 Integri
871 3029 952 3086 enim
975 3015 1220 3106 quatuor‘vcrsu

116 3149 154 3186 cx
175 3127 309 3186 Homero
333 3129 445 3204 sumpti
467 3136 551 3200 sunt,
584 3130 707 3188 omnino
731 3138 833 3188 autem
856 3130 983 3188 dimidia
1004 3150 1075 3208 pars
1098 3134 1220 3190 omnint

115 3249 257 3286 versuum
281 3227 334 3304 (de
358 3230 413 3288 76:
438 3227 491 3305 38)
515 3231 548 3286 in
576 3231 721 3289 formulas
750 3231 918 3291 homericae
948 3240 1061 3290 exeunt
1085 3229 1137 3308 (cf.
1162 3253 1220 3311 pag

118 3333 167 3388 11,
193 3332 241 3388 13.
267 3331 316 3387 15.
341 3327 405 3407 16).
448 3330 591 3403 Accedit,
622 3332 704 3409 quod
732 3342 854 3411 praeter
876 3328 1043 3411 δράκαιναν
1064 3355 1093 3392 v.
1119 3335 1180 3391 122
1204 3353 1220 3391 ε

116 3428 218 3509 ῥικνὸς
251 3453 280 3489 v.
311 3433 371 3490 139
400 3432 486 3490 nulla
520 3441 641 3492 exstant
675 3434 825 3493 vocabula
859 3455 922 3492 non
953 3428 1117 3494 homerica.
1168 3437 1220 3495 Ne

115 3541 218 3591 tamen
247 3534 319 3590 solis
347 3534 412 3592 istie
440 3534 578 3592 formulis
600 3534 763 3595 Hesiodeis
792 3545 956 3599 commotus
984 3559 1063 3610 sum,
1095 3546 1130 3595 ut
1157 3538 1208 3597 div

117 3634 253 3698 dendam
277 3654 417 3694 censeam
444 3637 576 3713 priorem
602 3636 693 3695 huius
720 3638 827 3716 hymni
850 3647 982 3716 partem,
1013 3640 1065 3699 sed
1091 3641 1220 3717 gravies·

119 3802 320 3811 .-....——-

184 3903 214 3969 17)
234 3906 294 3955 Non
314 3904 385 3970 apud
403 3905 551 3954 Homerum
569 3905 761 3956 inveniuntur:
780 3907 842 3974 211)
861 3897 1005 3973 ὄργιόνας.
1037 3909 1097 3970 226)
1117 3908 1220 3976 demur

116 4004 222 4047 νοντες.
263 3988 325 4050 234)
346 3981 518 4056 βαθύτριχα.
558 3990 618 4054 235)
643 3982 805 4057 ἐπιτερπέα.
846 3995 905 4055 239)
929 3993 1122 4058 πολοίχθνον.
1170 3995 1220 4044 25:

115 4072 320 4138 κατεφαίνετο.
354 4074 414 4137 255)
435 4073 561 4141 αἴθριος.
599 4076 660 4141 264)
680 4075 881 4143 σπινθαρίδες,
917 4079 978 4142 318)
999 4074 1128 4142 ὃέλφιος.
1166 4072 1220 4130 ε’ττα

116 4165 194 4222 ψιος.
230 4160 289 4223 342)
310 4147 440 4225 ἄτμητοι.
478 4162 538 4225 350)
557 4156 744 4228 τρυγηφόρος.
780 4157 1066 4229 354)ὃοοτ1ήμονες.
