2746 4642
712 203 754 267 64

69 440 74 447 .
173 397 205 452 in
228 396 314 454 hiatu
337 397 448 472 legitur
470 417 498 453 v.
524 397 583 454 105
608 390 653 470 (δὲ
677 391 767 470 ἴδον).
811 395 985 451 Pronomen
1012 406 1043 450 σε
1068 393 1175 452 eodem
1196 393 1288 452 modo

174 497 352 554 collocatum
376 505 421 554 est
442 518 471 554 v.
497 498 555 554 167
582 491 660 571 (deici
685 490 717 551 κε’
740 492 838 562 τίςσε
860 492 980 570 ἰδοῦσα)
1004 503 1085 552 etv.
1110 495 1170 551 222
1196 483 1227 571 (d
1250 491 1289 570 ῥα

161 592 206 653 ’κε’
234 595 277 666 τίς
305 611 338 653 σε
367 594 498 672 ἰδοῦσα).
544 596 607 655 Sed
634 598 665 654 in
694 599 836 673 promptu
863 604 934 674 sunt
963 596 1023 653 loci
1044 595 1204 670 homerici,
1235 595 1289 671 qui

173 719 240 756 cum
271 698 319 755 his
352 706 580 775 comparentur:
615 697 646 753 Ω
674 698 745 754 366.
776 697 835 754 653
866 693 939 772 (τῶν
971 691 1003 751 εἴ
1033 693 1076 764 τίς
1100 709 1141 752 ,σε
1170 690 1287 771 ἴδοιτο).

172 799 221 858 De
243 796 296 854 καί
316 808 387 881 ante
410 788 487 866 εἶδος
511 798 706 876 productum,
730 797 813 874 quod
836 806 886 855 est
903 818 931 854 v.
956 797 1030 868 275,
1055 796 1117 854 vid.
1141 817 1212 873 pag.
1236 797 1287 855 23.

174 899 276 958 Ceteri
302 900 377 971 loci,
408 898 517 977 quibus
547 899 697 958 eiusmodi
719 899 834 957 formae
858 906 990 968 exstant,
1022 906 1075 955 aut
1097 897 1220 955 obstant
1243 897 1287 955 di-

173 1003 330 1078 gammatis
358 1001 559 1072 restitutioni,
590 1009 642 1058 aut
669 1000 701 1056 in
729 1008 888 1076 utramque
916 1007 1033 1077 partem
1054 999 1196 1075 usurpari
1217 1018 1287 1076 pos-

172 1112 258 1177 sunt3
284 1103 322 1159 cf.
346 1124 374 1159 v.
399 1103 437 1160 66
464 1096 618 1177 (γλυκερὸν
640 1095 744 1174 θάλος,
767 1096 843 1157 εἴδεϊ
862 1095 1000 1176 κυδρήν),
1024 1121 1053 1157 v.
1076 1101 1135 1157 315
1162 1095 1286 1174 (πολνή-
1335 1116 1338 1122 ·

172 1222 261 1280 μανον
293 1193 398 1278 εἶδος),
434 1224 462 1261 v.
493 1203 554 1259 458
584 1194 749 1277 (ἀσπασίως
778 1194 808 1256 δ’
839 1196 934 1275 ἴδον);
970 1221 999 1258 v.
1030 1201 1069 1258 68
1099 1191 1166 1274 (οὐκ
1194 1195 1285 1275 ἴδον),

176 1327 205 1363 v.
224 1306 264 1362 10
285 1309 378 1360 πᾶσιν
401 1298 533 1377 ἒδέσθαι,
555 1325 595 1365 v.‚
609 1305 679 1362 339.
702 1303 763 1360 409
789 1294 1002 1377 (ὀφθαλμοῖσιν
1024 1298 1155 1376 ἰδοῦσα),
1178 1321 1208 1360 v.
1225 1301 1286 1359 333

174 1401 256 1482 (πρὶν
284 1401 359 1478 ἴδοι,
387 1402 458 1480 πρίν
485 1407 517 1462 in
547 1405 607 1462 arsi
635 1403 762 1481 produci
790 1401 891 1480 solet).
936 1402 974 1460 V.
1000 1402 1058 1459 172
1081 1401 1286 1460 Hoffmannus

173 1503 206 1581 (ξ
230 1503 303 1580 261)
328 1525 382 1581 pro
405 1499 445 1574 ὡς
468 1496 548 1561 εἶδον
570 1505 661 1563 scribi
674 1490 767 1562 iubet
789 1497 830 1572 ὡς
853 1499 943 1559 didon.
989 1501 1080 1579 Quod
1103 1523 1142 1561 ne
1164 1503 1285 1563 Bekke·

172 1626 221 1664 rus
250 1606 374 1683 quidem
401 1606 561 1664 inJIliade
589 1606 662 1664 fecit
691 1602 743 1681 (cf.
773 1605 801 1659 Ε
825 1605 901 1662 515.
931 1604 964 1659 Η
991 1601 1079 1680 308);
1109 1603 1231 1682 syllaba
1260 1624 1286 1661 ει

172 1708 253 1766 enim
280 1707 370 1764 huius
393 1708 508 1766 formae
531 1708 563 1764 in
586 1707 647 1766 arsi
670 1706 817 1765 collocata
840 1714 885 1764 est
908 1709 939 1761 A
963 1706 1022 1762 112
1048 1694 1139 1780 (εἶδεν
1160 1705 1193 1762 in
1215 1705 1285 1763 init.

173 1806 266 1894 pers.)
293 1809 409 1866 Τ292.
432 1829 450 1865 κ
474 1809 543 1867 194.

256 1925 287 2002 8)
311 1925 525 1986 Dubitandum
547 1947 610 1995 non
634 1935 687 1998 est,
711 1927 786 2004 quin
803 1926 989 1984 adiectivum
1003 1914 1065 1993 ἶσος
1083 1924 1154 1983 olim
1170 1924 1284 2002 digam-

170 2036 250 2085 mate
273 2027 384 2085 initiali
406 2048 493 2085 usum
514 2029 553 2085 sit
578 2025 675 2101 (Ourt.
699 2049 770 2105 pag.
794 2025 879 2102 339).
925 2023 1016 2103 Quod
1038 2035 1141 2084 tamen
1165 2045 1203 2084 ex
1225 2027 1285 2085 for-

114 2203 116 2208 ·
171 2129 252 2186 mula
280 2125 398 2203 δαίμονι
428 2118 504 2205 ἶσος,
534 2147 612 2205 quae
634 2129 748 2205 legitur
769 2151 798 2187 v.
823 2129 897 2200 235,
927 2128 1066 2204 intellegi
1088 2147 1151 2185 non
1174 2136 1284 2205 potest,

171 2249 263 2287 cumr
284 2229 361 2287 illud
385 2229 480 2288 dativi
502 2249 569 2287 raro
594 2229 734 2287 elidatur.
778 2230 817 2286 In
840 2228 970 2287 candem
993 2227 1152 2286 formulam
1175 2248 1285 2287 novem

170 2330 278 2389 Iliadis
306 2331 365 2389 loci
395 2339 520 2390 exeunt:
557 2331 585 2386 E
606 2331 677 2390 438.
705 2329 777 2388 459.
806 2330 877 2388 884.
907 2330 938 2384 Π
962 2329 1032 2388 705.
1062 2330 1132 2390 780,
1166 2331 1194 2385 Y
1211 2331 1284 2388 447.

171 2431 242 2490 493.
266 2431 294 2486 Φ
318 2433 367 2490 18.
392 2433 463 2489 227.

256 2547 287 2625 9)
313 2550 457 2626 Sequitur
477 2559 512 2606 ut
535 2570 659 2626 agamus
684 2549 722 2608 de
744 2569 834 2608 versu
852 2551 901 2621 81,
926 2551 1011 2607 cuius
1034 2551 1067 2618 in
1089 2549 1149 2607 fine
1171 2548 1286 2626 legitur

170 2647 279 2728 μεγάλα
314 2647 466 2726 ἰάχουσαν.
519 2649 647 2709 Constat
676 2652 756 2708 enim
784 2645 856 2725 ι’ἄχω
884 2650 1007 2728 proprie
1036 2651 1129 2708 fuisse
1157 2645 1284 2726 drfdxu,

171 2754 256 2810 cuius
280 2752 431 2829 digamma
454 2753 545 2810 etiam
567 2761 720 2810 servatum
741 2760 785 2811 est
806 2751 888 2829 apud
903 2751 1070 2828 Homerum
1084 2751 1117 2808 in
1133 2751 1284 2810 adiectivo

170 2846 287 2928 αὕίαχοι
304 2850 351 2928 (Ν
364 2852 428 2930 41).
466 2853 549 2911 illud
572 2872 643 2912 vero
666 2849 777 2929 μεγάλα
800 2849 944 2928 ἰάχουσαν
966 2861 1071 2910 notum
1093 2862 1157 2910 erat
1173 2861 1284 2930 poetae

172 2975 209 3011 ex
231 2974 241 3007 ι
264 2953 338 3024 392,
363 2954 416 3011 ubi
437 2974 541 3012 versus
564 2955 596 3010 in
620 2955 803 3012 simillimam
825 2954 992 3012 clausulam
1016 2953 1143 3011 desinit:
1171 2947 1284 3030 μεγαλα

171 3049 345 3131 ἰάχονταῧθ)
384 3053 453 3111 Ηοο
475 3055 507 3111 id
530 3073 652 3131 quoque
674 3056 816 3132 pertinet,
841 3055 924 3131 quod
946 3055 1058 3131 legitur
1079 3055 1194 3126 infino
1217 3048 1283 3113 uer·

238 3305 269 3370 5⁰)
288 3307 388 3356 Liceat
410 3305 476 3354 mihi
497 3293 711 3370 pauea'addere
735 3306 768 3354 de
792 3305 875 3357 verbo
899 3297 1003 3370 ἰάχειν.
1041 3304 1186 3354 Bekkerus
1212 3305 1283 3354 enim
1359 3305 1362 3312 '

170 3392 198 3439 in
217 3407 248 3441 eo
267 3392 382 3452 erravit,
406 3389 478 3454 quod
499 3390 569 3439 nihil
589 3405 702 3452 curans,
726 3395 834 3439 essetne
854 3407 864 3438 ι
882 3390 989 3438 initiale
1007 3388 1116 3453 longum
1135 3404 1171 3437 an
1189 3388 1283 3451 breve,

170 3476 308 3540 digamma
326 3474 432 3534 indidit,
452 3474 616 3537 ubicumque
635 3473 696 3523 fieri
710 3479 814 3539 posset.
843 3475 880 3522 At
893 3479 956 3523 ante
970 3491 980 3522 ι
992 3473 1162 3537 productum,
1182 3474 1283 3538 quippe

170 3561 242 3624 quod
263 3561 291 3609 in
313 3575 342 3609 so
367 3559 522 3609 contineret
545 3564 733 3624 augmentum,
757 3560 894 3624 digamma
916 3574 970 3608 non
994 3573 1053 3608 esse
1072 3557 1282 3622 restituendum,

170 3648 224 3695 iam
248 3645 280 3694 G.
301 3645 475 3694 Hermannus
500 3642 594 3708 (Orph.
617 3660 679 3710 pag.
700 3642 759 3707 155)
782 3644 859 3692 dixit.
894 3645 992 3707 Itaque
1014 3642 1158 3692 Belrkerus
1181 3643 1284 3692 iniuria

170 3735 288 3794 quatuor
305 3728 373 3778 locis
391 3718 493 3792 ps'pui’
514 3728 542 3776 in
560 3720 634 3792 μέγα
654 3728 686 3789 (Α
703 3728 761 3780 482.
782 3728 809 3777 Σ
825 3730 866 3777 29.
885 3729 941 3778 228.
961 3727 984 3776 Φ
1004 3725 1059 3790 10),
1082 3743 1135 3776 nno
1154 3727 1215 3776 loco
1234 3715 1283 3778 ὅτε

170 3806 196 3864 τ’
217 3812 280 3879 ἴαχε
298 3810 327 3861 in
345 3801 393 3863 ὅτε
411 3811 498 3877 fluxe
518 3809 558 3874 (Σ
573 3811 634 3876 219)
658 3812 785 3872 mutavit,
810 3805 918 3861 ceteros
942 3813 1014 3860 enim
1038 3811 1126 3875 locos,
1150 3812 1199 3860 ubi
1217 3809 1283 3876 ἴαχε
1336 3821 1339 3825 ’

171 3897 254 3963 ἴαχον
281 3896 414 3962 producta
441 3897 529 3960 prima
551 3894 660 3958 syllaba
682 3895 796 3958 legitur,
825 3896 932 3945 omnino
955 3911 1010 3945 non
1033 3896 1122 3960 potnit
1144 3898 1283 3960 corrigere

170 3981 203 4042 (B
221 3985 285 4032 333:
298 3983 356 4031 394.
376 3981 401 4030 Δ
420 3982 476 4030 125.
499 3979 578 4029 262.
602 3979 632 4029 Ψ
646 3981 704 4031 216.
722 3980 754 4029 Ν
770 3981 827 4028 822.
847 3981 903 4029 834.
926 3981 948 4028 P
965 3980 1034 4042 723).
1072 3978 1155 4029 Certa
1177 3981 1282 4046 digam-

169 4067 252 4114 matis
274 4066 393 4132 vestigia
416 4067 444 4113 in
470 4065 600 4114 duabus
623 4064 777 4112 formulis
802 4065 1056 4127 antiquissimis
1079 4067 1191 4115 servata
1209 4069 1281 4127 sunt,

170 4165 283 4215 quarum
313 4151 402 4200 altera
428 4155 469 4199 est
491 4143 652 4215 σμερδαλέα
675 4139 765 4214 ιὀἷχων
788 4149 825 4211 (Ε
847 4151 905 4200 302.
930 4148 954 4200 0
977 4151 1035 4199 321.
1059 4147 1088 4197 Π
1110 4149 1167 4202 785,
1194 4149 1219 4199 Τ
1239 4151 1281 4200 41.
