2746 4642
692 92 733 153 38

72 320 76 325 -
151 293 185 342 ut
212 284 394 362 Apollodori
422 283 474 342 ille
501 282 634 362 hymnus
663 284 694 341 in
725 282 891 341 nonnullas
919 291 1021 361 partes
1050 282 1274 360 discerperetur

153 383 249 463 (quod
277 394 376 443 utrum
405 405 477 443 casu
506 405 546 442 an
569 393 651 443 certo
675 385 803 443 alicuius
826 384 953 442 consilio
983 385 1096 442 factum
1119 386 1171 460 sit,
1202 387 1272 443 sciri

151 507 214 545 non
236 484 361 564 potest).
379 517 416 526 -
441 483 473 561 3)
497 485 635 543 Disiecta
657 485 733 544 haec
756 484 890 544 membra
912 495 1018 563 postea
1041 487 1084 544 ita
1107 485 1209 544 denuo
1233 486 1271 544 ab

151 589 253 666 aliquo
277 589 440 646 coniuncta
464 607 543 659 esse,
574 595 607 645 ut
634 587 723 645 simul
757 578 962 666 fragmentum
984 587 1062 646 illud
1090 589 1272 664 antiquioris

152 689 309 748 cuiusdam
330 688 439 768 hymni
460 689 657 766 reciperetur.
1168 754 1170 757 .

235 791 348 848 Iamsi
371 809 428 866 ego
450 810 554 847 veram
582 789 672 847 huius
695 789 803 868 hymni
827 790 976 866 originem
1000 789 1273 868 condicionemque

152 886 296 969 perspexi
318 899 410 968 atque
434 891 575 967 exposui,
609 890 692 949 haud
720 892 782 948 scio
812 911 852 949 an
879 890 1102 967 quodammodo
1134 892 1273 968 intellegi

150 994 261 1070 possit,
292 991 443 1069 quomodo
467 993 580 1050 factum
602 992 655 1063 sit,
686 1001 720 1049 ut
748 1000 793 1048 tot
820 973 894 1050 locis
918 992 1035 1069 aliquid
1066 992 1271 1064 intercideret,

151 1103 196 1152 tot
218 1113 323 1152 versus
346 1094 461 1170 insigni
483 1093 573 1155 modo
598 1103 874 1171 corrumperentur.
1145 1159 1149 1165 ,

139 1179 141 1181 ’
236 1193 298 1253 Sed
321 1214 403 1251 nunc
425 1195 510 1252 mitto
533 1194 588 1252 has
611 1214 673 1266 rea,
698 1215 766 1252 cum
788 1195 814 1252 si
836 1194 959 1272 singula
978 1203 1119 1253 accurate
1141 1203 1273 1254 tractare

151 1296 278 1365 vellem,
307 1295 447 1372 longiore
471 1295 677 1372 disputatione
701 1315 776 1373 opus
801 1295 896 1367 esset,
926 1297 1056 1357 maxime
1079 1297 1111 1354 in
1135 1305 1199 1356 tota
1222 1319 1272 1357 ex-

48 1406 51 1409 '
152 1406 247 1456 trema
274 1396 363 1454 huius
391 1396 499 1474 hymni
526 1405 628 1473 parte,
660 1396 698 1455 de
724 1416 784 1474 qua
808 1397 946 1455 consulto
969 1397 1070 1456 adhuc
1092 1399 1170 1456 nihil
1199 1398 1271 1470 dixi,

153 1499 225 1576 quia
240 1504 327 1555 tanta
342 1492 387 1554 ost
409 1497 588 1556 lacunarum
603 1507 633 1555 et
656 1499 928 1576 interpolationum
943 1499 1046 1572 turba,
1070 1508 1105 1558 ut
1121 1500 1274 1578 integrum

155 1607 398 1677 perpetuumque
431 1618 552 1656 carmen
583 1600 786 1676 genuinornm
813 1620 956 1659 versuum
984 1621 1046 1659 non
1070 1602 1166 1678 possit
1187 1602 1273 1660 resti·

156 1703 210 1759 tui.
229 1695 267 1776 32)
950 1756 951 1759 ,
1102 1705 1104 1709 ’

237 1801 346 1878 Itaque
361 1809 550 1858 transeamus
566 1800 605 1858 ad
628 1802 840 1881 quaestionem
856 1801 893 1860 (16
911 1801 1108 1880 digammate,
1133 1821 1225 1880 quam
1241 1805 1273 1862 in

153 1903 211 1961 hoc
232 1903 346 1982 hymno
368 1901 503 1959 breviter
520 1902 680 1960 absolvere
703 1892 876 1980 possumus3
901 1904 1033 1962 vidimus
1050 1906 1132 1964 enim
1146 1905 1273 1965 Homeri

154 2005 356 2063 imitationem
378 2004 519 2079 exiguam
542 2023 618 2062 esse.

241 2102 272 2179 1)
296 2103 379 2161 Ante
408 2101 438 2159 οἱ
463 2105 622 2163 nonnullis
650 2105 726 2163 locis
755 2106 925 2183 particulae
954 2104 992 2184 ῥα
1021 2117 1051 2166 61
1079 2101 1112 2164 δέ
1134 2109 1165 2165 in
1188 2109 1274 2177 hiatu

84 2276 93 2287 ..
154 2207 273 2285 positae
296 2187 380 2262 sunt:
410 2226 439 2262 v.
464 2207 503 2264 26
525 2199 548 2280 ἥ
570 2202 608 2282 p‘oi
631 2205 662 2263 οἱ
679 2199 894 2283 ἀντεβόλησεν,
923 2230 952 2265 v.
976 2209 1038 2267 400
1060 2198 1113 2283 rigi
1133 2205 1171 2285 ῥά
1193 2209 1224 2267 οἱ
1243 2206 1274 2266 τὸ

75 2290 79 2294 ⁴
154 2301 256 2383 χρῆμ’,
285 2329 313 2364 ν.
339 2307 398 2362 117
422 2302 550 2381 δύναμις
578 2303 612 2363 δέ
635 2306 665 2365 οἱ
684 2304 783 2365 ἔπλετο
805 2305 915 2383 πολλή,
944 2331 973 2367 v.
997 2310 1058 2368 426
1082 2305 1169 2386 ἐρατὴ
1191 2306 1225 2368 δέ
1247 2310 1278 2368 οἱ

155 2405 257 2466 ἕσπετο
284 2402 380 2481 φωνή.
439 2409 579 2466 Diximus
610 2409 648 2467 de
676 2409 722 2467 his
750 2410 907 2486 particulis
937 2430 1008 2488 pag.
1038 2413 1088 2470 20.
1112 2387 1123 2447 l·
1146 2411 1271 2471 Deinde

87 2566 107 2593 ,¹
155 2531 184 2567 v.
210 2511 268 2566 177
292 2504 363 2564 ἄλλο
385 2506 415 2564 τί
434 2507 465 2565 οἱ
484 2509 609 2585 legitur,
634 2510 689 2568 sod
711 2512 836 2582 scimus,
860 2511 993 2570 litteram
1015 2532 1026 2567 ι
1048 2513 1138 2571 huius
1162 2535 1272 2591 prono-

59 2603 82 2639 s
156 2612 246 2669 minis
270 2629 435 2686 numquam
457 2610 541 2668 elidi.
580 2610 709 2670 Prorsus
732 2621 833 2670 autem
858 2613 1009 2690 digamma
1032 2615 1206 2692 neglectum
1228 2624 1275 2674 est

75 2775 77 2777 ‚
112 2683 131 2808 lq
156 2734 185 2770 v.
211 2713 285 2770 143;
309 2704 379 2767 οὐδέ
401 2708 444 2781 τίς
467 2710 498 2768 οἵ
516 2710 637 2787 δολιχῆς
659 2706 747 2777 lidori:
780 2733 963 2792 quamquam
984 2715 1147 2774 Koehnius
1171 2718 1273 2776 existi-

121 2849 123 2854 ·
157 2822 231 2883 mat,
262 2813 319 2870 hoc
348 2812 414 2870 loco
444 2814 509 2871 cius
531 2814 694 2891 vestigium
717 2835 891 2893 comparere
917 2812 969 2891 (cf.
992 2836 1063 2894 pag.
1089 2819 1125 2873 11
1149 2817 1273 2876 Koehn.

141 2911 288 2992 comm).

158 3081 359 3090 ..na—.—

188 3207 190 3211 ’
226 3199 259 3260 ³²)
279 3201 310 3247 Iu
331 3204 489 3246 transcursu
507 3203 613 3247 tantum
631 3215 721 3263 panca
740 3200 835 3253 affero.
870 3202 989 3250 Primum
1009 3203 1080 3251 enim
1098 3203 1208 3253 videtur
1226 3205 1276 3253 ali-

159 3285 218 3347 quis
243 3284 269 3332 id
294 3283 399 3346 egisse,
427 3287 457 3330 ut
479 3283 559 3331 varia
582 3283 661 3332 huius
684 3284 777 3346 hymni
801 3291 965 3350 argumenta
988 3287 1106 3350 singulis
1128 3289 1275 3338 versiculis

159 3369 337 3431 exprimeret,
357 3367 404 3428 qui
423 3366 521 3414 deinde
539 3367 612 3416 inter
630 3369 763 3431 genuinos
781 3384 876 3418 versus
894 3371 992 3420 inserti
1010 3375 1087 3420 sunt:
1106 3371 1146 3420 sio
1166 3375 1275 3422 17-19.

157 3453 199 3501 25.
220 3454 276 3500 111.
292 3453 426 3501 ars-318
446 3443 471 3514 (ὁ
490 3445 544 3515 μὲν
563 3442 705 3517 νημερτέα
724 3450 869 3518 &stlta-1
878 3448 1039 3519 Κυλλήνιος
1056 3446 1273 3521 Ἀργυρότοξον).

158 3539 215 3588 332.
234 3561 268 3571 -
285 3535 551 3584 Deinde-nonnullis
569 3536 639 3586 locis
659 3538 754 3586 eadem
773 3554 832 3600 res,
853 3554 922 3602 quae
940 3540 995 3588 iam
1014 3545 1128 3588 narrata
1149 3547 1203 3602 est,
1223 3543 1274 3590 ite·

157 3636 217 3669 rum
235 3625 364 3669 narratur
382 3620 430 3668 sed
450 3619 504 3669 alio
523 3620 615 3669 modo:
636 3621 672 3669 cf.
692 3623 791 3671 39-42
806 3641 812 3671 :
825 3625 941 3684 43—46;
962 3625 1081 3676 148149
1101 3641 1107 3671 :
1128 3625 1276 3686 145-147;

160 3706 208 3754 164
227 3722 233 3752 =
255 3705 302 3754 ros
322 3702 381 3768 (pro
400 3702 452 3753 καί
468 3705 577 3769 proprie
597 3705 700 3754 arctum
720 3711 762 3756 est
778 3697 836 3771 ὅς);
862 3709 1003 3758 rsa-169
1023 3724 1029 3756 ι
1050 3711 1195 3770 rao-1743
1218 3711 1276 3759 174.

160 3790 208 3838 175
226 3805 232 3836 :
253 3790 309 3837 176.
331 3791 393 3850 177;
417 3790 475 3838 342.
496 3791 545 3839 343
565 3806 570 3836 :
590 3791 746 3849 ass-3493
769 3794 828 3841 344.
852 3794 902 3842 345
921 3809 927 3840 :
946 3795 1005 3844 350.
1029 3795 1093 3854 3513
1118 3795 1168 3843 373
1187 3811 1193 3842 :
1212 3795 1274 3854 3743
1326 3848 1327 3853 ,

159 3874 208 3922 378
227 3889 233 3919 :
253 3874 309 3922 381.
333 3875 396 3933 3823
419 3875 479 3922 379.
502 3875 552 3923 380
571 3888 577 3919 :
596 3876 659 3935 3833
689 3877 747 3928 399.
770 3877 821 3926 400
839 3893 844 3924 :
864 3878 927 3938 3983
952 3879 1011 3929 427.
1033 3879 1083 3926 428
1102 3867 1108 3924 ¹:
1127 3878 1186 3928 431.
1211 3879 1274 3938 433ς

158 3958 293 4036 433-442
314 3973 320 4004 :
338 3959 473 4008 443-446
493 3975 498 4006 :
517 3960 653 4009 447-449
672 3975 678 4007 :
697 3961 762 4021 4553
781 3961 840 4010 468.
859 3961 909 4011 459
929 3977 935 4009 τ
954 3962 1013 4013 460.
1032 3963 1096 4023 461;
1114 3962 1164 4012 473
1183 3979 1189 4010 :
1208 3964 1274 4023 4143

158 4041 208 4091 476
227 4056 233 4087 :
252 4040 310 4090 478.
345 4039 409 4091 Alia
427 4043 514 4094 mitte.
