2746 4642
609 208 704 278 -35

125 403 227 479 abest,
258 415 292 464 ut
320 405 378 464 hoc
405 404 473 476 fiat,
503 413 537 462 ut
559 405 639 464 esfici
663 425 725 463 non
749 406 858 482 possit,
889 403 964 483 quin
987 425 1024 464 ex
1045 402 1245 484 ipsius‘senis
1322 396 1325 400 Α

124 509 278 585 oratione⁸
294 504 357 584 (vv.
389 504 579 582 aon-211)
610 505 842 578 concludamus,
877 491 946 564 eum
975 507 1089 566 vidisse
1123 507 1246 584 quidem

123 610 309 668 Mercurium
331 608 426 666 boves
449 607 638 684 abigentem,
663 607 718 666 sed
741 627 804 666 non
827 627 894 665 oum
917 627 952 667 eo
971 608 1152 667 collocutum
1168 628 1244 667 esse.

210 708 240 784 2)
266 709 338 780 His,
369 729 448 786 quae
477 708 581 779 attuli,
612 727 679 765 mea
708 707 832 784 quidem
855 709 1002 785 opinione
1024 710 1097 767 satis
1121 709 1243 767 demon-

122 813 232 884 stravi,
257 812 330 870 inde
354 831 392 870 ex
413 830 504 869 versu
529 809 589 867 184
611 830 724 868 novum
741 829 863 868 carmen
886 811 1007 868 initium
1022 831 1142 888 capere.
1179 810 1246 913 Ioam

123 915 163 985 is,
189 914 242 990 qui
266 913 388 971 diversa
410 913 545 970 carmina
567 912 600 968 in
622 931 718 968 unum
740 911 906 982 contraxit,
936 912 1100 970 inseruisse
1122 911 1245 970 videtur

122 1034 231 1073 versus
260 1014 453 1084 als-227,
483 1011 536 1070 ubi
565 1013 666 1089 agitur
690 1012 728 1069 de
756 1013 831 1069 miro
860 1011 912 1069 illo
935 1011 1079 1071 Mercurii
1107 1013 1242 1084 artificio,

123 1115 207 1193 quod
235 1115 359 1173 uberius
388 1115 421 1171 in
450 1115 550 1191 priore
571 1122 666 1191 -parte
693 1113 784 1171 huius
812 1113 919 1192 hymni
945 1115 1110 1192 exponitur
1131 1113 1204 1172 inde
1227 1135 1246 1171 a

122 1237 213 1276 vorsu
231 1218 280 1274 76.
319 1215 381 1274 Sed
403 1217 534 1273 insertos
556 1234 621 1274 esse
644 1215 717 1272 istos
732 1234 838 1272 versus
861 1216 893 1272 in
916 1215 994 1274 illud
1017 1236 1137 1288 camon,
1162 1214 1245 1293 quod

122 1338 216 1396 supra
244 1317 413 1376 accuratius
443 1316 745 1394 circumscripsimuS,
781 1315 872 1393 facile
903 1315 1004 1394 'potest
1033 1317 1244 1375 demonstrari.

122 1419 202 1476 Nam
225 1419 355 1496 primum
373 1401 497 1494 quidem
519 1417 688 1474 istiversus
705 1417 832 1475 cumeis
855 1425 1009 1494 pugnant,
1034 1418 1086 1494 qui
1108 1418 1245 1495 proxime
1310 1478 1314 1486 ,

124 1519 322 1578 antecedunt.
371 1518 501 1594 Legitur
530 1519 610 1575 enim
639 1518 671 1574 in
700 1519 826 1595 antiquo
850 1519 997 1591 carmine,
1027 1518 1205 1596 Apollinem
1227 1539 1246 1576 a

124 1640 198 1679 sene
228 1618 395 1678 Onchestio
424 1618 621 1696 comperisse,
650 1638 805 1695 puerum
832 1619 926 1678 boves
956 1621 1054 1697 egisse
1085 1616 1127 1694 (v.
1152 1616 1243 1694 208);

125 1742 243 1779 aecum
259 1721 394 1799 aquilam
408 1719 542 1790 videret,
568 1739 637 1777 eum
659 1720 862 1793 intellexisse,
886 1721 991 1778 Iovis
1015 1722 1029 1778 f
1034 1721 1139 1778 ilium
1153 1719 1245 1778 boum

125 1822 297 1881 abactorem
320 1822 425 1880 fuisse.
463 1819 524 1879 Sed
547 1819 605 1878 hoo
620 1819 732 1898 Apollo
749 1820 860 1879 oblitus
877 1841 943 1880 esse
958 1821 1094 1894 videtur,
1119 1821 1245 1881 simulac

124 1924 322 2001 vestigiorum
344 1920 588 1999 magnitudinem
611 1920 842 1997 animadvertit3
873 1923 987 2000 cogitat
1010 1923 1090 1981 enim
1113 1922 1151 1980 de
1174 1942 1243 1982 cen·
1308 1936 1310 1942 ⁴

124 2025 219 2082 tauris
243 2025 376 2102 aliisque
399 2023 513 2088 bestiis.
564 2021 656 2099 Quod
685 2043 720 2081 eo
748 2024 845 2100 magis
873 2025 982 2081 mirum
1011 2032 1071 2095 est,
1100 2023 1184 2101 quod
1204 2008 1245 2080 ¹in

126 2147 162 2184 ea
178 2127 330 2196 oratione,
354 2143 446 2202 quam
461 2143 562 2181 eoram
575 2123 651 2182 Iove
665 2123 759 2182 habet
777 2120 987 2200 (334-364),
1007 2124 1127 2183 disertis
1142 2123 1244 2182 verbis

61 2245 64 2251 ·
112 2227 288 2304 signifieat,
312 2225 457 2284 Mercurii
472 2225 605 2303 quadam
620 2233 685 2284 arte
701 2226 842 2302 ingentia
860 2226 913 2283 illa
927 2226 1058 2303 vestigia
1081 2226 1162 2284 facta
1178 2245 1244 2285 esse

127 2326 179 2404 (cf.
203 2323 405 2401 343—349).
455 2325 499 2384 At
526 2326 609 2404 quod
632 2327 755 2384 omnino
779 2325 831 2383 illo
859 2327 940 2398 loco,
972 2326 1009 2385 de
1033 2346 1093 2403 quo
1116 2328 1243 2404 agimus,

124 2430 199 2488 haec
221 2430 352 2506 vestigia
375 2436 661 2500 commemorantur,
687 2427 848 2486 offensioni
872 2435 926 2487 ost.
966 2426 1079 2504 Apollo
1104 2430 1185 2486 enim
1208 2449 1245 2487 ea

125 2530 354 2601 animadvertit,
380 2519 447 2588 cum
467 2529 547 2607 Pylo
571 2530 603 2586 in
621 2527 782 2608 Cyllenam
804 2537 938 2587 montem
960 2529 1120 2588 contendit
1144 2527 1196 2606 (cf.
1213 2552 1242 2589 v.

126 2633 186 2689 216
211 2641 241 2690 et
264 2628 348 2707 218).
375 2630 429 2688 .At
451 2650 489 2689 ex
507 2631 564 2703 eis,
589 2649 668 2708 quae
685 2630 886 2702 antecedunt,
910 2632 1034 2702 scimus,
1059 2630 1244 2690 Mercurium

124 2733 204 2791 banc
225 2735 307 2791 viam
329 2732 496 2790 confecisse
519 2740 549 2790 et
576 2732 695 2789 solum
724 2739 754 2790 et
781 2733 865 2789 sine
887 2731 967 2789 ullo
991 2731 1165 2790 artificio
1191 2731 1243 2809 (cf.

127 2831 329 2909 138-142).
381 2832 468 2909 Quae
497 2853 564 2890 cum
592 2834 635 2890 ita
663 2832 738 2904 sint,
770 2832 904 2890 dubitari
931 2853 994 2890 non
1022 2841 1137 2910 potest,
1168 2835 1244 2911 quin

125 2936 174 2994 isti
188 2954 293 2993 versus
312 2930 504 3010 (218-227)
521 2934 699 3012 interpolati
720 2928 840 3011 sint29).
877 2933 1007 2993 Aecum
1024 2936 1148 2993 omnino
1163 2935 1242 2994 Mer-

125 3037 201 3094 curii
227 3035 385 3094 artificium
413 3037 445 3093 in
468 3036 595 3112 antiqno
622 3036 738 3114 hymno
762 3057 825 3094 non
854 3036 949 3096 fuisse
970 3037 1126 3111 videatur,
1155 3037 1244 3095 simul

125 3157 229 3196 versus
253 3139 324 3195 210.
349 3137 408 3192 211
434 3137 600 3195 eliciendos
624 3157 689 3195 esse
713 3158 833 3198 censeo.

209 3239 272 3296 Sed
304 3257 405 3314 neque
437 3237 485 3295 his
512 3237 650 3295 versibus
685 3239 788 3296 eiectis
817 3241 977 3317 antiquum
1010 3261 1131 3301 carmen
1163 3241 1244 3302 bene

125 3340 277 3417 procedit:
311 3339 456 3397 videntur
485 3339 567 3396 enim
595 3339 766 3397 exornandi
793 3360 883 3397 eausa
912 3341 1010 3400 additi
1043 3362 1108 3400 esse
1136 3363 1242 3400 versus

127 3441 317 3512 att—252,
349 3449 379 3498 et
402 3441 592 3498 ata-277.
641 3439 708 3498 Nee
729 3440 835 3514 video,
866 3442 1018 3518 quomodo
1048 3443 1120 3501 ferri
1148 3445 1244 3521 possit

125 3563 230 3600 versus
254 3544 326 3600 280.
696 3535 699 3545 ’

210 3641 241 3720 3)
266 3643 423 3701 Habemus
446 3643 539 3720 igitur
561 3642 634 3700 inde
651 3665 669 3700 a
684 3622 774 3701 versu
791 3643 851 3702 184
866 3663 963 3721 usque
982 3644 1021 3704 ad
1044 3665 1165 3704 versum
1182 3647 1241 3704 292

126 3744 331 3822 fragmentum
353 3745 535 3822 antiquioris
559 3744 715 3816 carminis,
741 3744 824 3821 quod
848 3753 967 3804 constat
990 3767 1028 3805 ex
1044 3746 1241 3805 duodenona-

127 3848 212 3922 ginta
228 3848 370 3923 genuinis
385 3845 534 3905 versibus.
571 3845 686 3903 Eorum
702 3846 821 3904 circiter
835 3855 945 3923 quarta
966 3867 1037 3924 pars
1054 3845 1106 3922 (24
1122 3846 1240 3924 versus)

194 4078 227 4143 ²⁹)
247 4080 398 4129 Praeterea
423 4079 521 4129 afferre
545 4084 684 4144 poteram,
708 4096 732 4132 v.
751 4083 800 4131 277
821 4082 915 4131 eadem
938 4082 1024 4131 verba
1047 4083 1149 4147 repeti,
1173 4098 1243 4146 quae

127 4165 181 4212 iam
199 4165 330 4227 leguntur
346 4179 372 4214 v.
392 4165 450 4213 215.

996 4250 1040 4312 3*
