2700 4636
658 210 699 272 53

120 420 183 458 non
207 401 362 458 invenitur
385 402 443 458 nisi
466 404 498 459 in
521 401 578 459 hac
601 402 731 460 formula
755 397 912 472 ἐπιείκελος
934 398 1117 462 ἀθανάτοισι
1141 405 1193 484 (cs.
1211 409 1240 464 A

120 501 191 558 265.
215 501 243 555 Δ
265 502 336 558 394.
360 507 391 557 Λ
415 497 502 560 6020
524 504 596 560 414.
620 524 643 576 φ
666 502 736 579 37),
762 512 814 562 aut
837 505 869 561 in
892 504 963 564 hac:
992 508 1078 576 θεοῖς
1101 502 1238 566 ἐπιείκελ’

116 596 249 676 Ἀχιλλεῦ
273 599 324 677 (cl.
344 603 534 663 1485.494.
559 605 675 661 X279.
703 605 799 663 ²1580.
823 605 1062 683 nessaeo).
1099 608 1240 668 Alterum
1282 657 1287 664 .

119 703 303 762 adiectivum
331 697 471 774 ἀεικέλιος
501 727 561 763 uno
593 715 712 765 tantum
742 707 854 783 legitur
875 707 983 766 Iliadis
1012 709 1080 767 loco
1112 706 1153 785 (Ξ
1173 710 1237 788 34),

118 805 172 862 sed
199 806 299 863 multis
324 803 483 885 Odysseae
510 807 584 864 locis
610 805 662 879 (cf.
686 804 704 862 d
728 806 798 864 244.
824 827 834 862 ι
856 808 927 865 503.
952 807 966 879 ξ
991 809 1029 866 32
1053 808 1131 886 all).
1176 812 1239 870 Sed
1290 802 1294 815 ¹

119 906 199 964 idem
228 927 332 965 versus
363 904 449 984 (136)
481 911 571 967 ctiam
600 909 691 967 aliam
724 908 851 966 sormam
881 911 1032 982 continet,
1068 930 1146 988 quae
1178 913 1238 971 huc

118 1010 264 1085 pertinet:
306 1008 417 1086 legitur
452 993 533 1066 enim
560 1011 593 1066 in
626 1011 686 1068 fine
715 1028 820 1068 versus
848 1003 913 1095 ἀλλ’
943 1009 1049 1068 εἰκυῖα.
1101 1011 1170 1089 Qua
1200 1013 1238 1073 de

119 1111 216 1167 forma
248 1118 412 1187 propterea
441 1112 611 1169 accuratius
641 1111 859 1188 disputandum
889 1130 955 1169 esse
983 1112 1119 1184 videtur,
1155 1114 1238 1191 quod

117 1211 321 1268 lloffmannus
343 1211 543 1271 similitudine
567 1212 720 1290 participii
744 1209 826 1269 ἰδυῖα
850 1212 992 1270 inductus
1016 1223 1074 1285 est,
1098 1202 1132 1272 ut
1155 1212 1237 1272 ι’κυῖα

119 1313 238 1370 restitui
253 1311 386 1385 iuberet,
412 1313 465 1370 nbi
482 1314 547 1372 fieri
563 1323 675 1391 posset.
706 1313 816 1390 Itaque
832 1315 990 1391 proposuit
1009 1314 1043 1369 Ψ
1056 1316 1094 1372 66
1110 1309 1236 1392 μέγεθός

117 1433 145 1470 τε
168 1409 218 1470 καὶ
239 1409 352 1489 ὄμματα
376 1410 450 1470 καλὰ
475 1412 556 1471 ἰκοῐα
582 1411 637 1489 (sic
660 1415 750 1471 otiam
765 1394 956 1489 Bekke'rus),
982 1423 1011 1472 et
1034 1415 1063 1472 h.
1080 1415 1111 1472 h.
1128 1412 1157 1473 'v.
1176 1419 1235 1474 136

116 1508 187 1571 ἀλλὰ
221 1499 316 1573 ι’κοιά.Ι
362 1515 404 1573 At
437 1517 545 1575 mirum
572 1523 721 1593 quantum
748 1514 951 1572 Hoffmannus
986 1503 1107 1574 erravit.
1157 1516 1236 1575 Nam

118 1636 184 1675 cum
206 1618 288 1695 apud
304 1617 471 1676 Homerum
486 1617 572 1676 nulla
594 1617 683 1674 huius
706 1617 835 1694 perfecti
859 1617 956 1675 forma
978 1626 1080 1675 careat
1103 1618 1235 1696 redupli-

117 1719 251 1789 catione,
276 1719 541 1790 verisimillimum,
566 1720 640 1796 quin
661 1727 775 1776 certum
791 1727 850 1789 est,
875 1716 973 1774 εἰκυῖα
996 1719 1119 1795 proprie
1142 1720 1236 1779 fuisse

109 1822 251 1892 jcjtnvioc.
289 1819 380 1878 Unde
397 1821 509 1892 clucet,
535 1819 758 1897 correptionem
781 1818 877 1890 illam,
903 1837 982 1894 quae
1005 1839 1236 1897 nonnumquam
1326 1878 1333 1889 ,

115 1921 180 1979 fieri
197 1922 275 1979 solet
297 1923 328 1977 in
352 1922 500 1978 feminino
525 1929 603 1998 part.
620 1920 698 1998 perf.
715 1928 773 1978 act.
792 1951 826 1959 -
847 1919 977 1977 diximus
994 1919 1032 1977 dc
1049 1939 1084 1978 ea
1107 1940 1178 1998 pag.
1195 1922 1234 1977 22

115 2042 159 2100 sq.
186 2053 220 2065 —-
252 2025 312 2081 ianr
341 2024 453 2081 factam
475 2041 541 2080 esse
570 2024 602 2079 in
631 2022 728 2080 forma
750 2019 849 2078 εἰκυῖα
874 2015 1009 2097 (ἐϊκυῖα).
1058 2021 1115 2078 Est
1141 2023 1235 2098 igitur

116 2144 152 2182 oa
167 2124 291 2201 quidem
307 2145 369 2181 non
386 2144 453 2181 cum
469 2124 565 2181 forma
581 2120 679 2180 εἰδυῖα
696 2121 915 2200 comparanda,
940 2121 1079 2181 sedcum
1094 2132 1235 2200 correpta

115 2222 211 2299 idcio,
242 2246 313 2283 nam
341 2225 550 2303 diphthongus
574 2245 599 2282 ει
627 2227 658 2281 in
688 2225 785 2281 forma
808 2220 904 2280 εἰδυῖα
933 2223 1062 2281 eandem
1085 2224 1234 2300 originem

115 2325 207 2384 habet
229 2335 320 2402 atque
343 2328 375 2383 in
399 2328 495 2384 forma
517 2321 678 2399 εἰδόμενος.
731 2322 937 2382 Memorabilis
961 2323 1057 2380 forma
1080 2333 1125 2382 est
1147 2321 1233 2393 εἰκώς

116 2426 157 2502 (Φ
173 2428 233 2483 254
249 2433 289 2507 τῷ
304 2423 389 2496 εἰκώς
405 2423 511 2503 ἤιξεν).
550 2427 625 2486 Erat
642 2428 723 2483 enim
745 2426 905 2484 inclinatio
921 2424 1073 2502 quaedam
1094 2424 1230 2502 linguae,
1297 2464 1298 2467 =

115 2536 147 2584 ut
170 2549 225 2587 eac
248 2530 377 2601 formae,
404 2549 482 2605 quae
504 2549 619 2586 summa
643 2536 673 2586 et
696 2528 820 2605 originis
844 2537 874 2585 et
896 2527 1127 2604 significationis
1150 2528 1229 2586 sirni-

114 2630 245 2688 litudine
261 2639 433 2702 uterentur,
452 2632 540 2689 simul
556 2631 798 2689 conformatione
815 2637 917 2688 essent
932 2628 1112 2687 simillimae.
1140 2627 1232 2687 Unde

114 2732 226 2789 factum
256 2742 314 2803 est,
345 2743 377 2789 ut
406 2732 444 2789 ad
473 2732 705 2790 similitudinem
733 2731 803 2789 fem.
828 2731 942 2790 formae
972 2726 1068 2787 εἰκυῖα
1097 2738 1233 2788 oreretur

113 2833 281 2891 masculina
298 2827 400 2903 ε’ϊκώς,
424 2831 681 2910 quemadmodum
696 2851 789 2908 supra
804 2831 949 2902 vidimus,
974 2839 1096 2908 praeter
1111 2851 1230 2909 correp-

112 2943 172 2992 tam
197 2935 324 2992 formam
347 2932 429 2991 ι’δυῖα
453 2935 545 2993 etiam
567 2935 694 2991 alteram
719 2930 842 3008 (εἰδυῖα)
873 2933 905 2988 in
928 2951 984 2989 usu
1014 2932 1121 3002 fuisse,
1152 2951 1230 3009 quac

113 3036 239 3113 propius
263 3035 301 3092 ad
324 3055 415 3093 masc.
432 3037 559 3093 formam
582 3035 709 3092 accedit.
748 3033 814 3093 Iam
836 3043 869 3090 ut
891 3033 986 3110 magis
1010 3033 1102 3091 etiam
1124 3032 1231 3092 harum

113 3137 277 3194 formarum
304 3157 377 3194 vera
406 3138 481 3194 ratio
510 3138 723 3213 perspiciatur,
754 3137 834 3195 hanc
857 3135 1110 3213 exaequationem
1132 3135 1228 3193 addo:

113 3228 179 3294 οἷὸά
202 3263 208 3297 2
231 3236 316 3307 εἰδώς
340 3263 345 3297 :
369 3236 455 3314 ἴδμεν
471 3262 477 3297 :
494 3236 576 3296 ἰδυῖα
596 3259 638 3289 :=
659 3233 755 3294 ἔ-οικα
772 3261 778 3295 z
796 3233 913 3306 ἕ-οικώς
931 3261 937 3295 :
954 3233 1066 3293 ἔ-ϊκτον
1082 3259 1088 3294 :
1105 3231 1229 3293 ε’·ϊκυῑα.

107 3333 213 3409 Ἐίκώς
229 3349 331 3398 autern
346 3360 443 3418 aeque
459 3341 680 3399 confomiatum
696 3347 741 3397 cst
758 3358 793 3395 ac
812 3331 987 3413 pepadffl)
1026 3336 1229 3395 Hoffmannus

112 3463 184 3501 vero
207 3443 267 3500 iam
289 3442 358 3501 ideo
378 3462 485 3502 cavere
502 3441 646 3512 debebat,
672 3440 833 3518 quominus
856 3438 937 3496 istud
959 3446 1121 3509 statueret,
1146 3437 1227 3514 quod

111 3564 173 3601 uno
189 3552 308 3602 tantum
323 3543 450 3603 Homeri
471 3544 537 3602 loco
554 3543 680 3601 mutatio
703 3542 768 3600 fieri
790 3548 904 3618 potest,
930 3547 1035 3597 contra
1056 3539 1116 3596 loci
1132 3538 1227 3597 unde-

111 3645 223 3721 viginti
247 3646 275 3702 ei
298 3644 419 3702 obstant
442 3642 484 3719 (Γ
495 3646 565 3702 386.
591 3645 618 3698 Δ
635 3645 683 3700 78.
708 3643 818 3700 Ζ383.
843 3640 955 3698 Θ305.
981 3639 1000 3695 Ι
1014 3642 1084 3698 399,
1109 3642 1139 3696 Λ
1155 3641 1225 3697 638.

116 3812 317 3820 m—

179 3909 212 3974 ⁴²)
232 3911 368 3961 Thiersch
388 3911 445 3975 (Gr.
464 3928 503 3977 gr.
524 3911 567 3964 ed.
586 3911 637 3960 111.
656 3913 670 3972 ς’
689 3914 746 3972 211,
760 3913 793 3960 29
811 3909 899 3970 Anm.)
919 3909 991 3957 hanc
1009 3909 1131 3957 formam
1144 3898 1226 3965 εἰκώς

112 3998 231 4046 Homero
255 3996 389 4060 denegat,
413 3997 544 4060 iubetque
569 3996 653 4045 scribi
671 3995 719 4045 illo
738 3994 833 4045 Iliadis
852 3993 913 4042 loco
933 3991 968 4054 (Φ
986 3991 1045 4052 254)
1065 3988 1103 4059 τῷ
1123 3989 1225 4050 ἴκελος.

111 4082 166 4130 Sed
185 4097 277 4143 nemo,
303 4081 391 4145 quoad
409 4081 480 4144 scio,
505 4095 565 4131 euru
583 4084 694 4130 secutus
713 4084 763 4132 est.
799 4078 840 4128 Cf.
862 4080 887 4128 Δ
905 4077 937 4127 ‘18
955 4073 993 4145 τῷ
1013 4067 1101 4126 εἰκυῖ’
1121 4073 1162 4139 (in
1181 4091 1225 4125 ec-

112 4165 173 4214 dem
192 4180 289 4215 vorsus
309 4164 394 4228 sede).
