<?xml version="1.0" encoding="UTF-8"?>
<!DOCTYPE html PUBLIC "-//W3C//DTD XHTML 1.0 Transitional//EN"
    "http://www.w3.org/TR/xhtml1/DTD/xhtml1-transitional.dtd">
<html xmlns="http://www.w3.org/1999/xhtml" xml:lang="en" lang="en">
 <head>
  <title>
</title>
<meta http-equiv="Content-Type" content="text/html;charset=utf-8" />
  <meta name='ocr-system' content='tesseract 3.04.00' />
  <meta name='ocr-capabilities' content='ocr_page ocr_carea ocr_par ocr_line ocrx_word'/>
</head>
<body>
  <div class='ocr_page' id='page_1' title='image "./dehymnishomeric00windgoog_0032.png"; bbox 0 0 2746 4642; ppageno 0'>
   <div class='ocr_carea' id='block_1_1' title="bbox 110 390 1230 494">
    <p class='ocr_par' dir='ltr' id='par_1_1' title="bbox 110 390 1230 494">
     <span class='ocr_line' id='line_1_1' title="bbox 110 390 1230 494; baseline 0.005 -26"><span class='ocrx_word' id='word_1_1' title='bbox 110 410 253 469; x_wconf 80' lang='lat' dir='ltr'>tenderet</span> <span class='ocrx_word' id='word_1_2' title='bbox 279 407 330 485; x_wconf 83' lang='lat' dir='ltr'>(ef.</span> <span class='ocrx_word' id='word_1_3' title='bbox 355 409 374 486; x_wconf 62' lang='grc' dir='ltr'>ξ</span> <span class='ocrx_word' id='word_1_4' title='bbox 399 409 485 488; x_wconf 85' lang='grc'>255).</span> <span class='ocrx_word' id='word_1_5' title='bbox 526 411 588 470; x_wconf 84' lang='lat' dir='ltr'>Sed</span> <span class='ocrx_word' id='word_1_6' title='bbox 612 413 730 471; x_wconf 87' lang='lat' dir='ltr'>etiamsi</span> <span class='ocrx_word' id='word_1_7' title='bbox 752 434 866 472; x_wconf 89' lang='lat' dir='ltr'>summo</span> <span class='ocrx_word' id='word_1_8' title='bbox 890 415 955 473; x_wconf 90' lang='lat' dir='ltr'>iure</span> <span class='ocrx_word' id='word_1_9' title='bbox 978 390 1035 473; x_wconf 84' lang='lat' dir='ltr'>lroe</span> <span class='ocrx_word' id='word_1_10' title='bbox 1058 418 1230 494; x_wconf 88' lang='lat' dir='ltr'>proposuis-</span> 
     </span>
    </p>
   </div>
   <div class='ocr_carea' id='block_1_2' title="bbox 108 512 1335 594">
    <p class='ocr_par' dir='ltr' id='par_1_2' title="bbox 108 512 1335 594">
     <span class='ocr_line' id='line_1_2' title="bbox 108 512 1335 594; baseline 0.006 -24"><span class='ocrx_word' id='word_1_11' title='bbox 108 521 162 585; x_wconf 89' lang='lat' dir='ltr'>set,</span> <span class='ocrx_word' id='word_1_12' title='bbox 187 521 289 570; x_wconf 86' lang='lat' dir='ltr'>tamen</span> <span class='ocrx_word' id='word_1_13' title='bbox 314 512 351 570; x_wconf 92' lang='lat' dir='ltr'>de</span> <span class='ocrx_word' id='word_1_14' title='bbox 374 514 444 571; x_wconf 91' lang='lat' dir='ltr'>vivo</span> <span class='ocrx_word' id='word_1_15' title='bbox 468 513 651 591; x_wconf 78' lang='lat' dir='ltr'><strong>digammate</strong></span> <span class='ocrx_word' id='word_1_16' title='bbox 673 535 736 573; x_wconf 92' lang='lat' dir='ltr'>non</span> <span class='ocrx_word' id='word_1_17' title='bbox 760 525 840 574; x_wconf 89' lang='lat' dir='ltr'>esset</span> <span class='ocrx_word' id='word_1_18' title='bbox 862 516 1074 594; x_wconf 62' lang='lat' dir='ltr'>cogitandum</span> <span class='ocrx_word' id='word_1_19' title='bbox 1100 519 1231 577; x_wconf 91' lang='lat' dir='ltr'>eandem</span> <span class='ocrx_word' id='word_1_20' title='bbox 1334 572 1335 576; x_wconf 74' lang='grc'>,</span> 
     </span>
    </p>
   </div>
   <div class='ocr_carea' id='block_1_3' title="bbox 112 613 1004 695">
    <p class='ocr_par' dir='ltr' id='par_1_3' title="bbox 112 613 1004 695">
     <span class='ocr_line' id='line_1_3' title="bbox 112 613 1004 695; baseline 0.003 -23"><span class='ocrx_word' id='word_1_21' title='bbox 112 615 194 672; x_wconf 90' lang='lat' dir='ltr'>enim</span> <span class='ocrx_word' id='word_1_22' title='bbox 216 613 378 673; x_wconf 84' lang='lat' dir='ltr'>formulam</span> <span class='ocrx_word' id='word_1_23' title='bbox 400 615 432 671; x_wconf 91' lang='lat' dir='ltr'>in</span> <span class='ocrx_word' id='word_1_24' title='bbox 457 613 598 693; x_wconf 82' lang='lat' dir='ltr'>Odyssea</span> <span class='ocrx_word' id='word_1_25' title='bbox 619 615 682 694; x_wconf 87' lang='lat' dir='ltr'>legi</span> <span class='ocrx_word' id='word_1_26' title='bbox 704 616 835 675; x_wconf 87' lang='lat' dir='ltr'>vidimus</span> <span class='ocrx_word' id='word_1_27' title='bbox 859 637 930 695; x_wconf 87' lang='lat' dir='ltr'>pag.</span> <span class='ocrx_word' id='word_1_28' title='bbox 955 618 1004 676; x_wconf 87' lang='lat'>15.</span> 
     </span>
    </p>
   </div>
   <div class='ocr_carea' id='block_1_4' title="bbox 109 732 1235 1827">
    <p class='ocr_par' dir='ltr' id='par_1_4' title="bbox 109 732 1235 1827">
     <span class='ocr_line' id='line_1_4' title="bbox 196 732 1229 816; baseline 0.004 -24"><span class='ocrx_word' id='word_1_29' title='bbox 196 732 456 810; x_wconf 80' lang='lat' dir='ltr'>6)-Transeamus</span> <span class='ocrx_word' id='word_1_30' title='bbox 480 755 563 792; x_wconf 91' lang='lat' dir='ltr'>nunc</span> <span class='ocrx_word' id='word_1_31' title='bbox 586 734 625 793; x_wconf 90' lang='lat' dir='ltr'>ad</span> <span class='ocrx_word' id='word_1_32' title='bbox 647 733 781 796; x_wconf 88' lang='lat' dir='ltr'>radicem</span> <span class='ocrx_word' id='word_1_33' title='bbox 796 738 846 808; x_wconf 65' lang='grc' dir='ltr'>μιν</span> <span class='ocrx_word' id='word_1_34' title='bbox 870 732 969 811; x_wconf 78' lang='lat' dir='ltr'>(Ourt.</span> <span class='ocrx_word' id='word_1_35' title='bbox 992 756 1062 814; x_wconf 86' lang='lat' dir='ltr'>pag.</span> <span class='ocrx_word' id='word_1_36' title='bbox 1082 738 1142 796; x_wconf 82' lang='lat'>587</span> <span class='ocrx_word' id='word_1_37' title='bbox 1159 736 1229 816; x_wconf 53' lang='lat' dir='ltr'>sq).</span> 
     </span>
     <span class='ocr_line' id='line_1_5' title="bbox 112 830 1231 912; baseline 0.004 -19"><span class='ocrx_word' id='word_1_38' title='bbox 112 836 242 912; x_wconf 80' lang='lat' dir='ltr'>Legitur</span> <span class='ocrx_word' id='word_1_39' title='bbox 270 836 351 893; x_wconf 90' lang='lat' dir='ltr'>enim</span> <span class='ocrx_word' id='word_1_40' title='bbox 378 857 407 892; x_wconf 90' lang='lat' dir='ltr'>v.</span> <span class='ocrx_word' id='word_1_41' title='bbox 438 836 497 891; x_wconf 92' lang='grc'>222</span> <span class='ocrx_word' id='word_1_42' title='bbox 527 830 616 911; x_wconf 75' lang='grc' dir='ltr'><em>δέμας</em></span> <span class='ocrx_word' id='word_1_43' title='bbox 646 834 763 910; x_wconf 77' lang='grc' dir='ltr'><em>δελφῖνι</em></span> <span class='ocrx_word' id='word_1_44' title='bbox 791 832 903 906; x_wconf 79' lang='grc' dir='ltr'>ἐοικώς.</span> <span class='ocrx_word' id='word_1_45' title='bbox 953 837 1054 895; x_wconf 88' lang='lat' dir='ltr'>Huius</span> <span class='ocrx_word' id='word_1_46' title='bbox 1083 838 1231 897; x_wconf 81' lang='lat' dir='ltr'>formulae</span> 
     </span>
     <span class='ocr_line' id='line_1_6' title="bbox 113 932 1228 1016; baseline 0.001 -22"><span class='ocrx_word' id='word_1_47' title='bbox 113 937 265 996; x_wconf 88' lang='lat' dir='ltr'>simillima</span> <span class='ocrx_word' id='word_1_48' title='bbox 294 944 338 995; x_wconf 89' lang='lat' dir='ltr'>est</span> <span class='ocrx_word' id='word_1_49' title='bbox 366 957 417 1008; x_wconf 87' lang='lat' dir='ltr'>ea,</span> <span class='ocrx_word' id='word_1_50' title='bbox 448 956 526 1013; x_wconf 88' lang='lat' dir='ltr'>quae</span> <span class='ocrx_word' id='word_1_51' title='bbox 548 937 661 1014; x_wconf 87' lang='lat' dir='ltr'>legitur</span> <span class='ocrx_word' id='word_1_52' title='bbox 684 937 709 992; x_wconf 92' lang='lat' dir='ltr'><strong><em>P</em></strong></span> <span class='ocrx_word' id='word_1_53' title='bbox 729 939 789 995; x_wconf 87' lang='grc'>323</span> <span class='ocrx_word' id='word_1_54' title='bbox 813 932 902 1013; x_wconf 82' lang='grc' dir='ltr'><em>δέμας</em></span> <span class='ocrx_word' id='word_1_55' title='bbox 927 936 1094 1016; x_wconf 77' lang='grc' dir='ltr'><em>Περίφαντι</em></span> <span class='ocrx_word' id='word_1_56' title='bbox 1117 935 1228 1009; x_wconf 81' lang='grc' dir='ltr'>ἐοικώς.</span> 
     </span>
     <span class='ocr_line' id='line_1_7' title="bbox 112 1037 1232 1116; baseline 0.003 -20"><span class='ocrx_word' id='word_1_57' title='bbox 112 1037 247 1096; x_wconf 85' lang='lat' dir='ltr'><strong>Omnino</strong></span> <span class='ocrx_word' id='word_1_58' title='bbox 277 1041 378 1096; x_wconf 84' lang='lat' dir='ltr'>autem</span> <span class='ocrx_word' id='word_1_59' title='bbox 408 1038 472 1096; x_wconf 89' lang='lat' dir='ltr'>fere</span> <span class='ocrx_word' id='word_1_60' title='bbox 495 1058 615 1115; x_wconf 78' lang='lat' dir='ltr'>semper</span> <span class='ocrx_word' id='word_1_61' title='bbox 636 1037 694 1096; x_wconf 91' lang='lat' dir='ltr'>hoc</span> <span class='ocrx_word' id='word_1_62' title='bbox 715 1040 909 1116; x_wconf 83' lang='lat' dir='ltr'>participium</span> <span class='ocrx_word' id='word_1_63' title='bbox 933 1039 1053 1097; x_wconf 82' lang='lat' dir='ltr'>dativus</span> <span class='ocrx_word' id='word_1_64' title='bbox 1076 1042 1232 1099; x_wconf 78' lang='lat' dir='ltr'>antecedit</span> 
     </span>
     <span class='ocr_line' id='line_1_8' title="bbox 111 1133 1230 1218; baseline 0.002 -22"><span class='ocrx_word' id='word_1_65' title='bbox 111 1138 164 1214; x_wconf 78' lang='grc'>(24</span> <span class='ocrx_word' id='word_1_66' title='bbox 179 1140 268 1214; x_wconf 86' lang='lat' dir='ltr'>locis;</span> <span class='ocrx_word' id='word_1_67' title='bbox 293 1138 473 1197; x_wconf 81' lang='lat' dir='ltr'>adverbium</span> <span class='ocrx_word' id='word_1_68' title='bbox 496 1139 650 1197; x_wconf 83' lang='lat' dir='ltr'>antecedit</span> <span class='ocrx_word' id='word_1_69' title='bbox 672 1139 718 1196; x_wconf 89' lang='lat' dir='ltr'>his</span> <span class='ocrx_word' id='word_1_70' title='bbox 740 1140 829 1199; x_wconf 87' lang='lat' dir='ltr'>loeis:</span> <span class='ocrx_word' id='word_1_71' title='bbox 853 1139 882 1195; x_wconf 87' lang='grc' dir='ltr'><em>Φ</em></span> <span class='ocrx_word' id='word_1_72' title='bbox 898 1142 960 1199; x_wconf 87' lang='grc'>600</span> <span class='ocrx_word' id='word_1_73' title='bbox 972 1133 1109 1218; x_wconf 80' lang='grc' dir='ltr'><strong><em>Ἀγήνορι</em></strong></span> <span class='ocrx_word' id='word_1_74' title='bbox 1131 1139 1230 1199; x_wconf 77' lang='grc' dir='ltr'><em>πάντα</em></span> 
     </span>
     <span class='ocr_line' id='line_1_9' title="bbox 110 1221 1235 1318; baseline 0.004 -20"><span class='ocrx_word' id='word_1_75' title='bbox 110 1237 228 1314; x_wconf 78' lang='grc' dir='ltr'><em>ἐοικώς,</em></span> <span class='ocrx_word' id='word_1_76' title='bbox 258 1261 275 1296; x_wconf 88' lang='grc' dir='ltr'><em>ν</em></span> <span class='ocrx_word' id='word_1_77' title='bbox 298 1241 338 1298; x_wconf 88' lang='grc'>80</span> <span class='ocrx_word' id='word_1_78' title='bbox 360 1235 483 1318; x_wconf 77' lang='grc' dir='ltr'><em>θανάτῳ</em></span> <span class='ocrx_word' id='word_1_79' title='bbox 511 1235 634 1316; x_wconf 74' lang='grc' dir='ltr'><em>ἄγχιστα</em></span> <span class='ocrx_word' id='word_1_80' title='bbox 664 1234 790 1316; x_wconf 78' lang='grc' dir='ltr'>ἐοικώς).</span> <span class='ocrx_word' id='word_1_81' title='bbox 834 1241 961 1300; x_wconf 87' lang='lat' dir='ltr'>Homeri</span> <span class='ocrx_word' id='word_1_82' title='bbox 984 1243 1111 1300; x_wconf 87' lang='lat' dir='ltr'>imitatio</span> <span class='ocrx_word' id='word_1_83' title='bbox 1134 1221 1235 1302; x_wconf 82' lang='lat' dir='ltr'>altero</span> 
     </span>
     <span class='ocr_line' id='line_1_10' title="bbox 110 1336 1229 1420; baseline 0 -20"><span class='ocrx_word' id='word_1_84' title='bbox 110 1362 232 1420; x_wconf 88' lang='lat' dir='ltr'>quoque</span> <span class='ocrx_word' id='word_1_85' title='bbox 255 1341 322 1399; x_wconf 90' lang='lat' dir='ltr'>loeo</span> <span class='ocrx_word' id='word_1_86' title='bbox 346 1341 542 1418; x_wconf 85' lang='lat' dir='ltr'>agnoscenda</span> <span class='ocrx_word' id='word_1_87' title='bbox 566 1350 625 1414; x_wconf 85' lang='lat' dir='ltr'>est,</span> <span class='ocrx_word' id='word_1_88' title='bbox 654 1363 683 1399; x_wconf 89' lang='lat' dir='ltr'>v.</span> <span class='ocrx_word' id='word_1_89' title='bbox 709 1343 769 1401; x_wconf 84' lang='grc'>286</span> <span class='ocrx_word' id='word_1_90' title='bbox 794 1338 855 1399; x_wconf 78' lang='grc' dir='ltr'>ἐπεὶ</span> <span class='ocrx_word' id='word_1_91' title='bbox 878 1336 912 1400; x_wconf 82' lang='grc' dir='ltr'>οὐ</span> <span class='ocrx_word' id='word_1_92' title='bbox 935 1338 990 1418; x_wconf 82' lang='grc' dir='ltr'>μὲν</span> <span class='ocrx_word' id='word_1_93' title='bbox 1012 1340 1068 1420; x_wconf 73' lang='grc' dir='ltr'>γάρ</span> <span class='ocrx_word' id='word_1_94' title='bbox 1091 1363 1118 1400; x_wconf 93' lang='grc' dir='ltr'>τι</span> <span class='ocrx_word' id='word_1_95' title='bbox 1139 1365 1229 1401; x_wconf 79' lang='grc' dir='ltr'><em>κατα-</em></span> 
     </span>
     <span class='ocr_line' id='line_1_11' title="bbox 109 1438 1230 1521; baseline 0.003 -21"><span class='ocrx_word' id='word_1_96' title='bbox 109 1447 268 1518; x_wconf 83' lang='grc' dir='ltr'><em>θνητοῖσιν</em></span> <span class='ocrx_word' id='word_1_97' title='bbox 291 1438 402 1512; x_wconf 79' lang='grc' dir='ltr'><em>ἕοικας;</em></span> <span class='ocrx_word' id='word_1_98' title='bbox 426 1444 603 1501; x_wconf 85' lang='lat' dir='ltr'>conseratur</span> <span class='ocrx_word' id='word_1_99' title='bbox 625 1443 707 1505; x_wconf 82' lang='lat' dir='ltr'>enim</span> <span class='ocrx_word' id='word_1_100' title='bbox 729 1444 757 1498; x_wconf 87' lang='lat' dir='ltr'><em>K</em></span> <span class='ocrx_word' id='word_1_101' title='bbox 772 1443 835 1502; x_wconf 92' lang='grc'>440</span> <span class='ocrx_word' id='word_1_102' title='bbox 856 1440 890 1500; x_wconf 76' lang='grc' dir='ltr'>τὰ</span> <span class='ocrx_word' id='word_1_103' title='bbox 913 1438 967 1519; x_wconf 77' lang='grc' dir='ltr'>μὲν</span> <span class='ocrx_word' id='word_1_104' title='bbox 990 1441 1055 1501; x_wconf 75' lang='grc' dir='ltr'><em>οὔτι</em></span> <span class='ocrx_word' id='word_1_105' title='bbox 1076 1449 1230 1521; x_wconf 76' lang='grc' dir='ltr'><em>καταθνη-</em></span> 
     </span>
     <span class='ocr_line' id='line_1_12' title="bbox 110 1540 1231 1626; baseline 0.004 -24"><span class='ocrx_word' id='word_1_106' title='bbox 110 1548 203 1602; x_wconf 84' lang='grc' dir='ltr'><em>τοῖσιν</em></span> <span class='ocrx_word' id='word_1_107' title='bbox 231 1540 341 1618; x_wconf 76' lang='grc' dir='ltr'><em>ἔοικεν,</em></span> <span class='ocrx_word' id='word_1_108' title='bbox 371 1543 423 1602; x_wconf 91' lang='lat' dir='ltr'>ubi</span> <span class='ocrx_word' id='word_1_109' title='bbox 446 1544 607 1603; x_wconf 85' lang='lat' dir='ltr'>Bekkerus</span> <span class='ocrx_word' id='word_1_110' title='bbox 630 1565 684 1603; x_wconf 91' lang='lat' dir='ltr'>suo</span> <span class='ocrx_word' id='word_1_111' title='bbox 708 1545 774 1603; x_wconf 90' lang='lat' dir='ltr'>iure</span> <span class='ocrx_word' id='word_1_112' title='bbox 798 1546 900 1605; x_wconf 91' lang='lat' dir='ltr'>deleta</span> <span class='ocrx_word' id='word_1_113' title='bbox 921 1547 1023 1606; x_wconf 88' lang='lat' dir='ltr'>littera</span> <span class='ocrx_word' id='word_1_114' title='bbox 1046 1550 1231 1626; x_wconf 85' lang='lat' dir='ltr'>paragogica</span> 
     </span>
     <span class='ocr_line' id='line_1_13' title="bbox 111 1646 1229 1728; baseline 0.002 -22"><span class='ocrx_word' id='word_1_115' title='bbox 111 1649 262 1725; x_wconf 85' lang='lat' dir='ltr'>digamma</span> <span class='ocrx_word' id='word_1_116' title='bbox 289 1646 469 1706; x_wconf 82' lang='lat' dir='ltr'>introduxit.</span> <span class='ocrx_word' id='word_1_117' title='bbox 519 1646 584 1705; x_wconf 84' lang='lat' dir='ltr'>Nos</span> <span class='ocrx_word' id='word_1_118' title='bbox 612 1646 726 1725; x_wconf 85' lang='lat' dir='ltr'>ubique</span> <span class='ocrx_word' id='word_1_119' title='bbox 757 1669 912 1707; x_wconf 86' lang='lat' dir='ltr'>servamus</span> <span class='ocrx_word' id='word_1_120' title='bbox 940 1650 1074 1708; x_wconf 88' lang='lat' dir='ltr'>litteram</span> <span class='ocrx_word' id='word_1_121' title='bbox 1102 1670 1229 1728; x_wconf 87' lang='lat' dir='ltr'>parago-</span> 
     </span>
     <span class='ocr_line' id='line_1_14' title="bbox 110 1770 223 1827; baseline -0.009 -20"><span class='ocrx_word' id='word_1_122' title='bbox 110 1770 223 1827; x_wconf 86' lang='lat' dir='ltr'>gream.</span> 
     </span>
    </p>
   </div>
   <div class='ocr_carea' id='block_1_5' title="bbox 110 1860 1231 2050">
    <p class='ocr_par' dir='ltr' id='par_1_5' title="bbox 110 1860 1231 2050">
     <span class='ocr_line' id='line_1_15' title="bbox 195 1860 1227 1944; baseline 0.002 -20"><span class='ocrx_word' id='word_1_123' title='bbox 195 1865 226 1942; x_wconf 79' lang='grc'>7)</span> <span class='ocrx_word' id='word_1_124' title='bbox 256 1866 327 1925; x_wconf 90' lang='lat' dir='ltr'>Uno</span> <span class='ocrx_word' id='word_1_125' title='bbox 356 1866 423 1924; x_wconf 88' lang='lat' dir='ltr'>loeo</span> <span class='ocrx_word' id='word_1_126' title='bbox 453 1867 550 1923; x_wconf 84' lang='lat' dir='ltr'>forma</span> <span class='ocrx_word' id='word_1_127' title='bbox 579 1860 707 1923; x_wconf 70' lang='grc' dir='ltr'><em>ἑλίσσετο</em></span> <span class='ocrx_word' id='word_1_128' title='bbox 737 1875 850 1926; x_wconf 78' lang='lat' dir='ltr'>exstat:</span> <span class='ocrx_word' id='word_1_129' title='bbox 880 1889 908 1925; x_wconf 94' lang='lat' dir='ltr'>v.</span> <span class='ocrx_word' id='word_1_130' title='bbox 941 1870 1000 1926; x_wconf 88' lang='grc'>183</span> <span class='ocrx_word' id='word_1_131' title='bbox 1029 1865 1130 1926; x_wconf 80' lang='grc' dir='ltr'><em>πύκνα</em></span> <span class='ocrx_word' id='word_1_132' title='bbox 1159 1865 1227 1944; x_wconf 74' lang='grc' dir='ltr'><em>μάλ’</em></span> 
     </span>
     <span class='ocr_line' id='line_1_16' title="bbox 110 1962 1231 2050; baseline 0.004 -27"><span class='ocrx_word' id='word_1_133' title='bbox 110 1963 186 2025; x_wconf 78' lang='grc' dir='ltr'><em>ἔνθα</em></span> <span class='ocrx_word' id='word_1_134' title='bbox 207 1964 257 2024; x_wconf 83' lang='grc' dir='ltr'>καὶ</span> <span class='ocrx_word' id='word_1_135' title='bbox 272 1964 349 2024; x_wconf 76' lang='grc' dir='ltr'><em>ἔνθα</em></span> <span class='ocrx_word' id='word_1_136' title='bbox 365 1962 509 2041; x_wconf 73' lang='grc' dir='ltr'><em>ἑλίσσετο,</em></span> <span class='ocrx_word' id='word_1_137' title='bbox 530 1969 611 2024; x_wconf 80' lang='grc' dir='ltr'><em>λεῖπε</em></span> <span class='ocrx_word' id='word_1_138' title='bbox 627 1964 660 2024; x_wconf 78' lang='grc' dir='ltr'>δὲ</span> <span class='ocrx_word' id='word_1_139' title='bbox 675 1970 787 2043; x_wconf 80' lang='grc' dir='ltr'><em>θῦμον.</em></span> <span class='ocrx_word' id='word_1_140' title='bbox 823 1968 1014 2047; x_wconf 72' lang='lat' dir='ltr'>Quamquam</span> <span class='ocrx_word' id='word_1_141' title='bbox 1030 1972 1090 2030; x_wconf 88' lang='lat' dir='ltr'>iam</span> <span class='ocrx_word' id='word_1_142' title='bbox 1106 1981 1231 2050; x_wconf 90' lang='lat' dir='ltr'>propter</span> 
     </span>
    </p>
   </div>
   <div class='ocr_carea' id='block_1_6' title="bbox 111 2069 1321 2150">
    <p class='ocr_par' dir='ltr' id='par_1_6' title="bbox 111 2069 1321 2150">
     <span class='ocr_line' id='line_1_17' title="bbox 111 2069 1321 2150; baseline 0.003 -23"><span class='ocrx_word' id='word_1_143' title='bbox 111 2089 265 2128; x_wconf 87' lang='lat' dir='ltr'>caesuram</span> <span class='ocrx_word' id='word_1_144' title='bbox 294 2069 394 2126; x_wconf 88' lang='lat' dir='ltr'>hiatus</span> <span class='ocrx_word' id='word_1_145' title='bbox 423 2075 538 2127; x_wconf 87' lang='lat' dir='ltr'>certum</span> <span class='ocrx_word' id='word_1_146' title='bbox 567 2069 759 2146; x_wconf 85' lang='lat' dir='ltr'>digammatis</span> <span class='ocrx_word' id='word_1_147' title='bbox 788 2071 908 2147; x_wconf 87' lang='lat' dir='ltr'>signum</span> <span class='ocrx_word' id='word_1_148' title='bbox 938 2091 1004 2129; x_wconf 88' lang='lat' dir='ltr'>esse</span> <span class='ocrx_word' id='word_1_149' title='bbox 1033 2093 1095 2129; x_wconf 92' lang='lat' dir='ltr'>non</span> <span class='ocrx_word' id='word_1_150' title='bbox 1119 2081 1248 2150; x_wconf 82' lang='lat' dir='ltr'>potest,&#39;</span> <span class='ocrx_word' id='word_1_151' title='bbox 1318 2072 1321 2077; x_wconf 49' lang='lat'><strong>⁴</strong></span> 
     </span>
    </p>
   </div>
   <div class='ocr_carea' id='block_1_7' title="bbox 110 2169 1231 2251">
    <p class='ocr_par' dir='ltr' id='par_1_7' title="bbox 110 2169 1231 2251">
     <span class='ocr_line' id='line_1_18' title="bbox 110 2169 1231 2251; baseline 0.001 -21"><span class='ocrx_word' id='word_1_152' title='bbox 110 2180 212 2230; x_wconf 88' lang='lat' dir='ltr'>tamen</span> <span class='ocrx_word' id='word_1_153' title='bbox 235 2170 419 2228; x_wconf 91' lang='lat' dir='ltr'>simillimum</span> <span class='ocrx_word' id='word_1_154' title='bbox 434 2169 561 2228; x_wconf 91' lang='lat' dir='ltr'>Homeri</span> <span class='ocrx_word' id='word_1_155' title='bbox 583 2170 683 2228; x_wconf 89' lang='lat' dir='ltr'>locum</span> <span class='ocrx_word' id='word_1_156' title='bbox 706 2172 809 2243; x_wconf 83' lang='lat' dir='ltr'>affero,</span> <span class='ocrx_word' id='word_1_157' title='bbox 834 2181 867 2230; x_wconf 90' lang='lat' dir='ltr'>ut</span> <span class='ocrx_word' id='word_1_158' title='bbox 883 2174 1011 2231; x_wconf 90' lang='lat' dir='ltr'>imitatio</span> <span class='ocrx_word' id='word_1_159' title='bbox 1027 2175 1123 2251; x_wconf 86' lang='lat' dir='ltr'>magis</span> <span class='ocrx_word' id='word_1_160' title='bbox 1140 2176 1231 2232; x_wconf 88' lang='lat' dir='ltr'>etiam</span> 
     </span>
    </p>
   </div>
   <div class='ocr_carea' id='block_1_8' title="bbox 111 2267 1330 2350">
    <p class='ocr_par' dir='ltr' id='par_1_8' title="bbox 111 2267 1330 2350">
     <span class='ocr_line' id='line_1_19' title="bbox 111 2267 1330 2350; baseline -0.001 -19"><span class='ocrx_word' id='word_1_161' title='bbox 111 2281 218 2350; x_wconf 89' lang='lat' dir='ltr'>aperta</span> <span class='ocrx_word' id='word_1_162' title='bbox 239 2272 306 2330; x_wconf 89' lang='lat' dir='ltr'>fiat:</span> <span class='ocrx_word' id='word_1_163' title='bbox 338 2272 515 2330; x_wconf 86' lang='lat' dir='ltr'>conferatur</span> <span class='ocrx_word' id='word_1_164' title='bbox 538 2271 620 2329; x_wconf 87' lang='lat' dir='ltr'>enim</span> <span class='ocrx_word' id='word_1_165' title='bbox 643 2270 671 2326; x_wconf 88' lang='grc' dir='ltr'><em>Φ</em></span> <span class='ocrx_word' id='word_1_166' title='bbox 695 2274 732 2328; x_wconf 93' lang='grc'>11</span> <span class='ocrx_word' id='word_1_167' title='bbox 757 2267 859 2329; x_wconf 78' lang='grc' dir='ltr'><em>ἔννεον</em></span> <span class='ocrx_word' id='word_1_168' title='bbox 882 2269 958 2330; x_wconf 74' lang='grc' dir='ltr'><em>ἔνθα</em></span> <span class='ocrx_word' id='word_1_169' title='bbox 981 2271 1031 2331; x_wconf 85' lang='grc' dir='ltr'>καὶ</span> <span class='ocrx_word' id='word_1_170' title='bbox 1053 2270 1130 2331; x_wconf 81' lang='grc' dir='ltr'><em>ἔνθα</em></span> <span class='ocrx_word' id='word_1_171' title='bbox 1153 2269 1229 2332; x_wconf 77' lang='grc' dir='ltr'><em>ἕλισ-</em></span> <span class='ocrx_word' id='word_1_172' title='bbox 1327 2294 1330 2301; x_wconf 78' lang='grc'><strong><em>’</em></strong></span> 
     </span>
    </p>
   </div>
   <div class='ocr_carea' id='block_1_9' title="bbox 111 2368 1267 2673">
    <p class='ocr_par' dir='ltr' id='par_1_9' title="bbox 111 2368 1267 2673">
     <span class='ocr_line' id='line_1_20' title="bbox 111 2368 455 2450; baseline -0.006 -20"><span class='ocrx_word' id='word_1_173' title='bbox 111 2371 231 2450; x_wconf 81' lang='grc' dir='ltr'><em>σόμενοι</em></span> <span class='ocrx_word' id='word_1_174' title='bbox 252 2368 319 2450; x_wconf 82' lang='grc' dir='ltr'><strong><em>περὶ</em></strong></span> <span class='ocrx_word' id='word_1_175' title='bbox 344 2368 455 2441; x_wconf 79' lang='grc' dir='ltr'><em>δίνας,</em></span> 
     </span>
     <span class='ocr_line' id='line_1_21' title="bbox 196 2491 1231 2570; baseline 0.003 -20"><span class='ocrx_word' id='word_1_176' title='bbox 196 2491 228 2568; x_wconf 80' lang='grc'>8)</span> <span class='ocrx_word' id='word_1_177' title='bbox 252 2491 377 2550; x_wconf 90' lang='lat' dir='ltr'>Deinde</span> <span class='ocrx_word' id='word_1_178' title='bbox 400 2512 461 2549; x_wconf 90' lang='lat' dir='ltr'>nno</span> <span class='ocrx_word' id='word_1_179' title='bbox 484 2512 610 2550; x_wconf 90' lang='lat' dir='ltr'>numero</span> <span class='ocrx_word' id='word_1_180' title='bbox 634 2491 859 2570; x_wconf 88' lang='lat' dir='ltr'>comprehendo</span> <span class='ocrx_word' id='word_1_181' title='bbox 882 2495 1036 2550; x_wconf 78' lang='lat' dir='ltr'>versumti</span> <span class='ocrx_word' id='word_1_182' title='bbox 1059 2501 1090 2551; x_wconf 81' lang='lat' dir='ltr'>et</span> <span class='ocrx_word' id='word_1_183' title='bbox 1109 2514 1231 2552; x_wconf 86' lang='lat' dir='ltr'>versum</span> 
     </span>
     <span class='ocr_line' id='line_1_22' title="bbox 112 2590 1267 2673; baseline 0.003 -23"><span class='ocrx_word' id='word_1_184' title='bbox 112 2597 181 2653; x_wconf 84' lang='grc'>216.</span> <span class='ocrx_word' id='word_1_185' title='bbox 218 2593 325 2651; x_wconf 89' lang='lat' dir='ltr'>Priore</span> <span class='ocrx_word' id='word_1_186' title='bbox 347 2593 414 2650; x_wconf 90' lang='lat' dir='ltr'>loeo</span> <span class='ocrx_word' id='word_1_187' title='bbox 439 2602 484 2652; x_wconf 90' lang='lat' dir='ltr'>est</span> <span class='ocrx_word' id='word_1_188' title='bbox 506 2595 634 2671; x_wconf 88' lang='lat' dir='ltr'>antiqua</span> <span class='ocrx_word' id='word_1_189' title='bbox 650 2594 704 2652; x_wconf 92' lang='lat' dir='ltr'>illa</span> <span class='ocrx_word' id='word_1_190' title='bbox 720 2595 850 2652; x_wconf 82' lang='lat' dir='ltr'>formula</span> <span class='ocrx_word' id='word_1_191' title='bbox 864 2590 998 2671; x_wconf 68' lang='grc' dir='ltr'><em>ἄμβροτα</em></span> <span class='ocrx_word' id='word_1_192' title='bbox 1013 2590 1128 2670; x_wconf 75' lang='grc' dir='ltr'><em>εἵματα,</em></span> <span class='ocrx_word' id='word_1_193' title='bbox 1151 2615 1229 2673; x_wconf 88' lang='lat' dir='ltr'>quae</span> <span class='ocrx_word' id='word_1_194' title='bbox 1263 2657 1267 2662; x_wconf 65' lang='grc'><strong>,</strong></span> 
     </span>
    </p>
   </div>
   <div class='ocr_carea' id='block_1_10' title="bbox 111 2686 1228 2875">
    <p class='ocr_par' dir='ltr' id='par_1_10' title="bbox 111 2686 1228 2875">
     <span class='ocr_line' id='line_1_23' title="bbox 113 2686 1228 2772; baseline 0 -18"><span class='ocrx_word' id='word_1_195' title='bbox 113 2704 211 2754; x_wconf 87' lang='lat' dir='ltr'>exstat</span> <span class='ocrx_word' id='word_1_196' title='bbox 233 2695 267 2750; x_wconf 89' lang='lat' dir='ltr'><strong><em>H</em></strong></span> <span class='ocrx_word' id='word_1_197' title='bbox 281 2696 351 2752; x_wconf 84' lang='grc'>670.</span> <span class='ocrx_word' id='word_1_198' title='bbox 369 2695 440 2753; x_wconf 87' lang='grc'><strong>680.</strong></span> <span class='ocrx_word' id='word_1_199' title='bbox 463 2696 568 2768; x_wconf 84' lang='grc' dir='ltr'>η265.</span> <span class='ocrx_word' id='word_1_200' title='bbox 594 2715 616 2751; x_wconf 89' lang='grc' dir='ltr'>ω</span> <span class='ocrx_word' id='word_1_201' title='bbox 633 2686 685 2768; x_wconf 77' lang='grc' dir='ltr'>59,Ι</span> <span class='ocrx_word' id='word_1_202' title='bbox 707 2697 876 2772; x_wconf 85' lang='lat' dir='ltr'>posteriore</span> <span class='ocrx_word' id='word_1_203' title='bbox 899 2696 960 2754; x_wconf 87' lang='lat' dir='ltr'>alia</span> <span class='ocrx_word' id='word_1_204' title='bbox 983 2697 1113 2753; x_wconf 85' lang='lat' dir='ltr'>formula</span> <span class='ocrx_word' id='word_1_205' title='bbox 1135 2698 1228 2755; x_wconf 85' lang='lat' dir='ltr'>notis-</span> 
     </span>
     <span class='ocr_line' id='line_1_24' title="bbox 111 2791 915 2875; baseline 0.001 -20"><span class='ocrx_word' id='word_1_206' title='bbox 111 2799 186 2855; x_wconf 88' lang='lat' dir='ltr'>sima</span> <span class='ocrx_word' id='word_1_207' title='bbox 209 2791 257 2854; x_wconf 76' lang='grc' dir='ltr'>ἐπὶ</span> <span class='ocrx_word' id='word_1_208' title='bbox 279 2792 379 2852; x_wconf 84' lang='grc' dir='ltr'><em>οἴνοπι</em></span> <span class='ocrx_word' id='word_1_209' title='bbox 400 2792 514 2875; x_wconf 72' lang='grc' dir='ltr'><em>πόντῳ,</em></span> <span class='ocrx_word' id='word_1_210' title='bbox 539 2796 576 2855; x_wconf 90' lang='lat' dir='ltr'>de</span> <span class='ocrx_word' id='word_1_211' title='bbox 600 2816 660 2874; x_wconf 86' lang='lat' dir='ltr'>qua</span> <span class='ocrx_word' id='word_1_212' title='bbox 682 2797 745 2855; x_wconf 90' lang='lat' dir='ltr'>vid.</span> <span class='ocrx_word' id='word_1_213' title='bbox 770 2817 840 2874; x_wconf 87' lang='lat' dir='ltr'>pag.</span> <span class='ocrx_word' id='word_1_214' title='bbox 867 2799 915 2856; x_wconf 86' lang='grc'>16.</span> 
     </span>
    </p>
   </div>
   <div class='ocr_carea' id='block_1_11' title="bbox 112 2913 1230 3904">
    <p class='ocr_par' dir='ltr' id='par_1_11' title="bbox 112 2913 1230 3904">
     <span class='ocr_line' id='line_1_25' title="bbox 197 2913 1229 2994; baseline 0.003 -22"><span class='ocrx_word' id='word_1_215' title='bbox 197 2913 229 2991; x_wconf 71' lang='lat' dir='ltr'>e)</span> <span class='ocrx_word' id='word_1_216' title='bbox 252 2915 323 2972; x_wconf 91' lang='lat' dir='ltr'>Huc</span> <span class='ocrx_word' id='word_1_217' title='bbox 345 2914 422 2974; x_wconf 90' lang='lat' dir='ltr'>illud</span> <span class='ocrx_word' id='word_1_218' title='bbox 445 2935 566 2993; x_wconf 87' lang='lat' dir='ltr'>quoque</span> <span class='ocrx_word' id='word_1_219' title='bbox 588 2917 731 2994; x_wconf 85' lang='lat' dir='ltr'>pertinet,</span> <span class='ocrx_word' id='word_1_220' title='bbox 757 2915 839 2992; x_wconf 87' lang='lat' dir='ltr'>quod</span> <span class='ocrx_word' id='word_1_221' title='bbox 861 2915 974 2992; x_wconf 85' lang='lat' dir='ltr'>legitur</span> <span class='ocrx_word' id='word_1_222' title='bbox 995 2935 1045 2976; x_wconf 89' lang='lat' dir='ltr'>vv.</span> <span class='ocrx_word' id='word_1_223' title='bbox 1062 2917 1132 2974; x_wconf 86' lang='grc'>312.</span> <span class='ocrx_word' id='word_1_224' title='bbox 1157 2919 1229 2975; x_wconf 81' lang='grc'>327.</span> 
     </span>
     <span class='ocr_line' id='line_1_26' title="bbox 113 3011 1230 3094; baseline 0 -18"><span class='ocrx_word' id='word_1_225' title='bbox 113 3019 173 3076; x_wconf 87' lang='grc'>330</span> <span class='ocrx_word' id='word_1_226' title='bbox 196 3011 244 3072; x_wconf 76' lang='grc' dir='ltr'>ἐπὶ</span> <span class='ocrx_word' id='word_1_227' title='bbox 266 3012 387 3092; x_wconf 78' lang='grc' dir='ltr'><em>ῥηγμῖνι</em></span> <span class='ocrx_word' id='word_1_228' title='bbox 408 3013 575 3091; x_wconf 77' lang='grc' dir='ltr'><em>θαλάσσης,</em></span> <span class='ocrx_word' id='word_1_229' title='bbox 599 3036 659 3093; x_wconf 87' lang='lat' dir='ltr'>qua</span> <span class='ocrx_word' id='word_1_230' title='bbox 683 3017 721 3075; x_wconf 89' lang='lat' dir='ltr'>de</span> <span class='ocrx_word' id='word_1_231' title='bbox 745 3017 875 3074; x_wconf 89' lang='lat' dir='ltr'>formula</span> <span class='ocrx_word' id='word_1_232' title='bbox 896 3017 960 3075; x_wconf 89' lang='lat' dir='ltr'>vid.</span> <span class='ocrx_word' id='word_1_233' title='bbox 984 3038 1064 3094; x_wconf 84' lang='lat' dir='ltr'>pag..</span> <span class='ocrx_word' id='word_1_234' title='bbox 1081 3019 1129 3074; x_wconf 86' lang='lat'>17.</span> <span class='ocrx_word' id='word_1_235' title='bbox 1168 3018 1230 3076; x_wconf 86' lang='lat' dir='ltr'>Sed</span> 
     </span>
     <span class='ocr_line' id='line_1_27' title="bbox 112 3106 1228 3196; baseline 0 -20"><span class='ocrx_word' id='word_1_236' title='bbox 112 3138 294 3196; x_wconf 90' lang='lat' dir='ltr'>quamquam</span> <span class='ocrx_word' id='word_1_237' title='bbox 316 3137 379 3174; x_wconf 92' lang='lat' dir='ltr'>non</span> <span class='ocrx_word' id='word_1_238' title='bbox 403 3126 449 3176; x_wconf 89' lang='lat' dir='ltr'>est</span> <span class='ocrx_word' id='word_1_239' title='bbox 471 3116 682 3189; x_wconf 89' lang='lat' dir='ltr'>dubitandum,</span> <span class='ocrx_word' id='word_1_240' title='bbox 706 3106 781 3194; x_wconf 86' lang='lat' dir='ltr'>quin</span> <span class='ocrx_word' id='word_1_241' title='bbox 805 3117 893 3177; x_wconf 81' lang='lat' dir='ltr'>radix</span> <span class='ocrx_word' id='word_1_242' title='bbox 907 3118 997 3176; x_wconf 90' lang='lat' dir='ltr'>huius</span> <span class='ocrx_word' id='word_1_243' title='bbox 1013 3119 1145 3176; x_wconf 89' lang='lat' dir='ltr'>nominis</span> <span class='ocrx_word' id='word_1_244' title='bbox 1161 3139 1228 3196; x_wconf 91' lang='lat' dir='ltr'>pro-</span> 
     </span>
     <span class='ocr_line' id='line_1_28' title="bbox 112 3216 1229 3296; baseline 0 -19"><span class='ocrx_word' id='word_1_245' title='bbox 112 3221 177 3296; x_wconf 89' lang='lat' dir='ltr'>prie</span> <span class='ocrx_word' id='word_1_246' title='bbox 211 3219 303 3278; x_wconf 87' lang='lat' dir='ltr'>fuerit</span> <span class='ocrx_word' id='word_1_247' title='bbox 332 3221 409 3295; x_wconf 61' lang='lat' dir='ltr'>Jeep</span> <span class='ocrx_word' id='word_1_248' title='bbox 440 3216 576 3294; x_wconf 77' lang='lat' dir='ltr'>(Curtius</span> <span class='ocrx_word' id='word_1_249' title='bbox 604 3239 675 3296; x_wconf 85' lang='lat' dir='ltr'>pag.</span> <span class='ocrx_word' id='word_1_250' title='bbox 704 3216 794 3294; x_wconf 78' lang='lat'>476),</span> <span class='ocrx_word' id='word_1_251' title='bbox 831 3228 933 3278; x_wconf 87' lang='lat' dir='ltr'>tamen</span> <span class='ocrx_word' id='word_1_252' title='bbox 962 3240 1001 3278; x_wconf 92' lang='lat' dir='ltr'>ne</span> <span class='ocrx_word' id='word_1_253' title='bbox 1031 3240 1069 3278; x_wconf 85' lang='lat' dir='ltr'>ex</span> <span class='ocrx_word' id='word_1_254' title='bbox 1095 3220 1229 3278; x_wconf 91' lang='lat' dir='ltr'>Homero</span> 
     </span>
     <span class='ocr_line' id='line_1_29' title="bbox 112 3320 1229 3399; baseline 0.002 -21"><span class='ocrx_word' id='word_1_255' title='bbox 112 3321 236 3399; x_wconf 88' lang='lat' dir='ltr'>quidem</span> <span class='ocrx_word' id='word_1_256' title='bbox 258 3321 347 3379; x_wconf 84' lang='lat' dir='ltr'>certis</span> <span class='ocrx_word' id='word_1_257' title='bbox 370 3322 557 3397; x_wconf 88' lang='lat' dir='ltr'>argumentis</span> <span class='ocrx_word' id='word_1_258' title='bbox 579 3320 637 3378; x_wconf 91' lang='lat' dir='ltr'>hoc</span> <span class='ocrx_word' id='word_1_259' title='bbox 660 3320 861 3379; x_wconf 87' lang='lat' dir='ltr'>demonstrari</span> <span class='ocrx_word' id='word_1_260' title='bbox 881 3330 991 3398; x_wconf 86' lang='lat' dir='ltr'>potest,</span> <span class='ocrx_word' id='word_1_261' title='bbox 1016 3343 1083 3379; x_wconf 91' lang='lat' dir='ltr'>eum</span> <span class='ocrx_word' id='word_1_262' title='bbox 1105 3323 1229 3380; x_wconf 89' lang='lat' dir='ltr'>omuino</span> 
     </span>
     <span class='ocr_line' id='line_1_30' title="bbox 113 3421 1229 3500; baseline 0.001 -20"><span class='ocrx_word' id='word_1_263' title='bbox 113 3442 265 3480; x_wconf 85' lang='lat' dir='ltr'>consonae</span> <span class='ocrx_word' id='word_1_264' title='bbox 292 3422 443 3500; x_wconf 86' lang='lat' dir='ltr'>liquidae,</span> <span class='ocrx_word' id='word_1_265' title='bbox 474 3441 553 3499; x_wconf 88' lang='lat' dir='ltr'>quae</span> <span class='ocrx_word' id='word_1_266' title='bbox 577 3421 733 3494; x_wconf 86' lang='lat' dir='ltr'>dicuntur,</span> <span class='ocrx_word' id='word_1_267' title='bbox 762 3430 874 3499; x_wconf 85' lang='lat' dir='ltr'>suapte</span> <span class='ocrx_word' id='word_1_268' title='bbox 894 3431 1004 3481; x_wconf 89' lang='lat' dir='ltr'>natura</span> <span class='ocrx_word' id='word_1_269' title='bbox 1026 3424 1229 3499; x_wconf 74' lang='lat' dir='ltr'>maximopere</span> 
     </span>
     <span class='ocr_line' id='line_1_31' title="bbox 113 3522 1229 3606; baseline 0.002 -26"><span class='ocrx_word' id='word_1_270' title='bbox 113 3524 262 3582; x_wconf 85' lang='lat' dir='ltr'>inclinent</span> <span class='ocrx_word' id='word_1_271' title='bbox 295 3523 335 3606; x_wconf 75' lang='lat' dir='ltr'>ad</span> <span class='ocrx_word' id='word_1_272' title='bbox 367 3522 582 3600; x_wconf 87' lang='lat' dir='ltr'>producendas</span> <span class='ocrx_word' id='word_1_273' title='bbox 615 3523 751 3594; x_wconf 86' lang='lat' dir='ltr'>vocales,</span> <span class='ocrx_word' id='word_1_274' title='bbox 786 3542 865 3600; x_wconf 88' lang='lat' dir='ltr'>quae</span> <span class='ocrx_word' id='word_1_275' title='bbox 894 3523 1002 3583; x_wconf 88' lang='lat' dir='ltr'>breves</span> <span class='ocrx_word' id='word_1_276' title='bbox 1031 3523 1229 3582; x_wconf 85' lang='lat' dir='ltr'>antecedunt.</span> 
     </span>
     <span class='ocr_line' id='line_1_32' title="bbox 113 3619 1229 3703; baseline -0.002 -20"><span class='ocrx_word' id='word_1_277' title='bbox 113 3625 203 3685; x_wconf 82' lang='lat' dir='ltr'>Addo</span> <span class='ocrx_word' id='word_1_278' title='bbox 226 3647 255 3684; x_wconf 90' lang='lat' dir='ltr'>v.</span> <span class='ocrx_word' id='word_1_279' title='bbox 280 3625 355 3695; x_wconf 84' lang='lat'>338,</span> <span class='ocrx_word' id='word_1_280' title='bbox 385 3624 438 3683; x_wconf 90' lang='lat' dir='ltr'>ubi</span> <span class='ocrx_word' id='word_1_281' title='bbox 465 3625 577 3702; x_wconf 89' lang='lat' dir='ltr'>legitur</span> <span class='ocrx_word' id='word_1_282' title='bbox 606 3622 636 3681; x_wconf 85' lang='grc' dir='ltr'>οἱ</span> <span class='ocrx_word' id='word_1_283' title='bbox 658 3619 691 3680; x_wconf 80' lang='grc' dir='ltr'>δὲ</span> <span class='ocrx_word' id='word_1_284' title='bbox 714 3620 874 3702; x_wconf 71' lang='grc' dir='ltr'><em>ῥήσσοντες</em></span> <span class='ocrx_word' id='word_1_285' title='bbox 897 3620 1017 3700; x_wconf 77' lang='grc' dir='ltr'><em>ἕποντο,</em></span> <span class='ocrx_word' id='word_1_286' title='bbox 1046 3645 1229 3703; x_wconf 87' lang='lat' dir='ltr'>quamquam</span> 
     </span>
     <span class='ocr_line' id='line_1_33' title="bbox 113 3721 1230 3804; baseline -0.002 -19"><span class='ocrx_word' id='word_1_287' title='bbox 113 3729 316 3804; x_wconf 88' lang='lat' dir='ltr'>maximopere</span> <span class='ocrx_word' id='word_1_288' title='bbox 341 3725 466 3784; x_wconf 90' lang='lat' dir='ltr'>dubium</span> <span class='ocrx_word' id='word_1_289' title='bbox 488 3734 547 3797; x_wconf 87' lang='lat' dir='ltr'>est,</span> <span class='ocrx_word' id='word_1_290' title='bbox 576 3747 651 3784; x_wconf 92' lang='lat' dir='ltr'>num</span> <span class='ocrx_word' id='word_1_291' title='bbox 672 3721 797 3802; x_wconf 78' lang='grc' dir='ltr'><em>ῥησσειν</em></span> <span class='ocrx_word' id='word_1_292' title='bbox 819 3726 856 3784; x_wconf 89' lang='lat' dir='ltr'>ab</span> <span class='ocrx_word' id='word_1_293' title='bbox 880 3726 988 3784; x_wconf 88' lang='lat' dir='ltr'>eadem</span> <span class='ocrx_word' id='word_1_294' title='bbox 1010 3726 1113 3785; x_wconf 87' lang='lat' dir='ltr'>radice</span> <span class='ocrx_word' id='word_1_295' title='bbox 1135 3727 1230 3801; x_wconf 89' lang='lat' dir='ltr'>possit</span> 
     </span>
     <span class='ocr_line' id='line_1_34' title="bbox 114 3821 1055 3904; baseline -0.004 -17"><span class='ocrx_word' id='word_1_296' title='bbox 114 3827 236 3888; x_wconf 84' lang='lat' dir='ltr'>deduci.</span> <span class='ocrx_word' id='word_1_297' title='bbox 279 3826 434 3885; x_wconf 89' lang='lat' dir='ltr'>Produota</span> <span class='ocrx_word' id='word_1_298' title='bbox 457 3835 503 3886; x_wconf 89' lang='lat' dir='ltr'>est</span> <span class='ocrx_word' id='word_1_299' title='bbox 525 3827 675 3904; x_wconf 85' lang='lat' dir='ltr'>particula</span> <span class='ocrx_word' id='word_1_300' title='bbox 697 3821 744 3898; x_wconf 79' lang='grc' dir='ltr'>δέ,</span> <span class='ocrx_word' id='word_1_301' title='bbox 769 3827 824 3900; x_wconf 87' lang='lat' dir='ltr'>sed</span> <span class='ocrx_word' id='word_1_302' title='bbox 847 3827 886 3886; x_wconf 85' lang='lat' dir='ltr'>ef.</span> <span class='ocrx_word' id='word_1_303' title='bbox 910 3848 980 3904; x_wconf 88' lang='lat' dir='ltr'>pag.</span> <span class='ocrx_word' id='word_1_304' title='bbox 1006 3828 1055 3884; x_wconf 88' lang='grc'>14.</span> 
     </span>
    </p>
   </div>
   <div class='ocr_carea' id='block_1_12' title="bbox 199 3961 1228 4041">
    <p class='ocr_par' dir='ltr' id='par_1_12' title="bbox 199 3961 1228 4041">
     <span class='ocr_line' id='line_1_35' title="bbox 199 3961 1228 4041; baseline 0.003 -22"><span class='ocrx_word' id='word_1_305' title='bbox 199 3961 250 4039; x_wconf 80' lang='grc'>10)</span> <span class='ocrx_word' id='word_1_306' title='bbox 274 3961 437 4020; x_wconf 85' lang='lat' dir='ltr'>Permultis</span> <span class='ocrx_word' id='word_1_307' title='bbox 464 3963 538 4020; x_wconf 87' lang='lat' dir='ltr'>loeis</span> <span class='ocrx_word' id='word_1_308' title='bbox 567 3971 641 4020; x_wconf 90' lang='lat' dir='ltr'>nota</span> <span class='ocrx_word' id='word_1_309' title='bbox 669 3963 722 4022; x_wconf 91' lang='lat' dir='ltr'>illa</span> <span class='ocrx_word' id='word_1_310' title='bbox 744 3963 898 4041; x_wconf 85' lang='lat' dir='ltr'>Apollinis</span> <span class='ocrx_word' id='word_1_311' title='bbox 922 3962 1104 4039; x_wconf 86' lang='lat' dir='ltr'>cognomina</span> <span class='ocrx_word' id='word_1_312' title='bbox 1127 3984 1228 4022; x_wconf 90' lang='lat' dir='ltr'>oecur-</span> 
     </span>
    </p>
   </div>
   <div class='ocr_carea' id='block_1_13' title="bbox 114 4060 1230 4245">
    <p class='ocr_par' dir='ltr' id='par_1_13' title="bbox 114 4060 1230 4245">
     <span class='ocr_line' id='line_1_36' title="bbox 114 4060 1227 4144; baseline 0.004 -24"><span class='ocrx_word' id='word_1_313' title='bbox 114 4073 184 4122; x_wconf 89' lang='lat' dir='ltr'>runt</span> <span class='ocrx_word' id='word_1_314' title='bbox 206 4060 344 4139; x_wconf 73' lang='grc' dir='ltr'><em>(Ἔνατος</em></span> <span class='ocrx_word' id='word_1_315' title='bbox 367 4072 397 4123; x_wconf 89' lang='lat' dir='ltr'>et</span> <span class='ocrx_word' id='word_1_316' title='bbox 419 4061 538 4140; x_wconf 73' lang='lat' dir='ltr'>mmm),</span> <span class='ocrx_word' id='word_1_317' title='bbox 567 4085 642 4143; x_wconf 88' lang='lat' dir='ltr'>quos</span> <span class='ocrx_word' id='word_1_318' title='bbox 663 4066 791 4144; x_wconf 87' lang='lat' dir='ltr'>longum</span> <span class='ocrx_word' id='word_1_319' title='bbox 814 4074 859 4124; x_wconf 88' lang='lat' dir='ltr'>est</span> <span class='ocrx_word' id='word_1_320' title='bbox 882 4084 985 4123; x_wconf 88' lang='lat' dir='ltr'>omnes</span> <span class='ocrx_word' id='word_1_321' title='bbox 1009 4084 1151 4124; x_wconf 89' lang='lat' dir='ltr'>enarrare</span> <span class='ocrx_word' id='word_1_322' title='bbox 1176 4064 1227 4141; x_wconf 82' lang='lat' dir='ltr'>(cf.</span> 
     </span>
     <span class='ocr_line' id='line_1_37' title="bbox 115 4165 1230 4245; baseline 0.004 -23"><span class='ocrx_word' id='word_1_323' title='bbox 115 4165 165 4224; x_wconf 80' lang='lat'>37.</span> <span class='ocrx_word' id='word_1_324' title='bbox 180 4165 232 4224; x_wconf 82' lang='lat'>44.</span> <span class='ocrx_word' id='word_1_325' title='bbox 248 4166 298 4224; x_wconf 83' lang='lat'>51.</span> <span class='ocrx_word' id='word_1_326' title='bbox 316 4166 365 4223; x_wconf 83' lang='grc'>79.</span> <span class='ocrx_word' id='word_1_327' title='bbox 383 4166 432 4223; x_wconf 94' lang='grc'>99.</span> <span class='ocrx_word' id='word_1_328' title='bbox 451 4167 520 4224; x_wconf 87' lang='grc'>179.</span> <span class='ocrx_word' id='word_1_329' title='bbox 538 4165 624 4243; x_wconf 85' lang='grc'>204).</span> <span class='ocrx_word' id='word_1_330' title='bbox 660 4167 769 4245; x_wconf 87' lang='lat' dir='ltr'>Neque</span> <span class='ocrx_word' id='word_1_331' title='bbox 792 4167 854 4225; x_wconf 93' lang='lat' dir='ltr'>ullo</span> <span class='ocrx_word' id='word_1_332' title='bbox 877 4167 943 4225; x_wconf 92' lang='lat' dir='ltr'>loco</span> <span class='ocrx_word' id='word_1_333' title='bbox 965 4170 1080 4224; x_wconf 85' lang='lat' dir='ltr'>certum</span> <span class='ocrx_word' id='word_1_334' title='bbox 1101 4168 1230 4227; x_wconf 86' lang='lat' dir='ltr'>amissae</span> 
     </span>
    </p>
   </div>
   <div class='ocr_carea' id='block_1_14' title="bbox 0 0 1382 4642">
    <p class='ocr_par' dir='ltr' id='par_1_14' title="bbox 0 0 1382 4642">
     <span class='ocr_line' id='line_1_38' title="bbox 0 0 1382 4642; baseline 0 0"><span class='ocrx_word' id='word_1_335' title='bbox 0 0 1382 4642; x_wconf 95' lang='lat' dir='ltr'> </span> 
     </span>
    </p>
   </div>
  </div>
 </body>
</html>
