2746 4642
651 168 785 262 010-.-

239 355 270 433 6)
301 357 389 416 Idem
414 359 498 416 valet
527 358 565 416 66
593 358 696 416 vorbis
720 360 902 436 formisque,
938 378 1017 436 quae
1046 361 1204 436 pertinent
1231 360 1274 418 ad

125 534 128 541 ¹
153 460 288 518 radicem
308 463 374 518 άετι.
414 460 528 518 Omitto
553 481 604 519 eos
627 461 709 518 locos
735 457 780 535 (ut
795 483 825 519 v.
844 458 927 536 133),
953 463 1123 538 exquibus
1147 462 1272 520 omnino

153 563 229 621 nihil
254 563 396 620 concludi
418 571 530 640 potest.
574 561 617 620 At
640 585 670 621 v.
696 564 755 620 106
779 563 866 622 elisio
890 564 971 620 facta
994 555 1272 621 661έτιειτέ’ττὲεσ-

152 665 210 720 σινῤ
257 663 450 743 Quamquam
472 664 530 723 hoe
552 665 663 742 corrigi
686 672 789 742 posset
812 666 844 723 in
867 646 965 721 έτιέιτα
988 660 1119 740 έττεσσιν,
1142 665 1168 722 61
1191 672 1272 723 6616-

152 767 192 822 ris
221 767 368 844 exemplis
396 767 473 825 haec
502 767 630 824 mutatio
660 766 934 825 commendaretur.
979 768 1145 825 Praeterea
1171 788 1201 824 v.
1230 768 1274 826 50

154 863 220 941 (καί
238 888 291 942 μιν
312 861 487 944 ἀνειρομένη
510 863 581 926 έιιεα
603 887 650 925 ιττ.
673 865 736 944 ττρ.)
767 877 798 926 61
819 890 848 925 v,
874 869 931 924 111.
964 862 1273 944 (ἐκπροκαλεσσαμένη

153 963 224 1026 έιτεα
244 988 291 1026 ιττ.
309 968 372 1047 πρ.)
398 970 558 1048 productio
581 971 655 1029 satis
677 989 830 1047 superque
853 979 1016 1028 excusatur
1037 990 1174 1029 caesura,
1210 969 1271 1028 Ne-

153 1089 213 1148 que
237 1080 282 1129 est
304 1051 387 1150 quod
407 1072 588 1131 haereamus
603 1092 694 1130 vorsu
711 1073 749 1130 66
768 1068 881 1146 (Λητοῖ
899 1067 996 1148 έιτος);
1020 1080 1091 1130 iram
1107 1071 1271 1149 diphthon-

152 1192 208 1249 gus
236 1191 264 1228 οι
292 1174 323 1230 16
352 1173 491 1252 qualibet
517 1174 578 1232 arsi
606 1173 798 1250 producitur,
838 1174 955 1232 etiamsi
991 1175 1130 1252 sequitur
1158 1174 1273 1232 vocalis

157 1271 281 1348 (Hoffm.
304 1274 324 1350 ξ
349 1275 397 1347 50,
415 1273 459 1351 4).

237 1399 269 1477 7)
293 1401 359 1460 Ν66
381 1403 481 1460 minus
504 1403 678 1480 neglectum
700 1411 746 1460 est
770 1403 922 1480 digamma
944 1402 1056 1462 radicis
1079 1400 1146 1462 έιὸε
1175 1424 1205 1461 v.
1231 1405 1269 1460 71
1322 1443 1325 1446 -

152 1498 184 1558 τὸ
206 1510 325 1580 πρῶτον
347 1501 415 1584 ἴδη,
438 1527 467 1563 v.
493 1506 552 1563 153
575 1500 697 1561 πάντων
718 1500 774 1581 γάρ
797 1525 849 1562 κεν
874 1503 975 1561 ἴδοιτο.

237 1629 268 1708 8)
293 1632 355 1691 Vix
377 1640 423 1690 est
445 1632 527 1709 quod
551 1631 676 1702 addam,
702 1631 893 1708 digammatis
908 1633 1071 1709 vestigium
1086 1633 1169 1690 vocis
1191 1628 1272 1687 οἴκια
1304 1637 1314 1644 “

152 1733 271 1791 nullum
294 1754 359 1792 6666
381 1756 412 1797 ν.
433 1734 473 1791 46
496 1727 580 1789 θέλοι
602 1728 682 1788 οἴκια
704 1727 827 1788 θέσθαι.
872 1733 972 1792 Versu
995 1741 1097 1792 autem
1121 1735 1180 1792 137
1205 1754 1272 1792 666-

152 1855 223 1894 sura
246 1834 384 1894 bucolica
407 1844 453 1894 est
475 1836 556 1893 inter
578 1831 672 1892 εἵλετο
695 1843 725 1893 61
747 1833 837 1891 οἴκια.

238 1960 269 2037 0)
295 1960 468 2021 Verisimile
490 1963 564 2020 mihi
586 1961 722 2030 videtur,
746 1970 820 2021 nota
842 1963 896 2022 illa
911 1961 1065 2040 Apollinis
1088 1965 1274 2040 cognomina

151 2057 254 2132 ἑκατος
278 2059 420 2139 ἑκηβόλος
443 2059 652 2140 ἑκατηβελὲτης
676 2059 813 2140 ἑκάεργος
837 2066 910 2123 item
932 2065 1004 2122 olim
1020 2065 1203 2141 digammate
1226 2067 1272 2123 iri-

121 2173 124 2178 '
151 2174 267 2224 structa
289 2166 384 2224 fuisse
410 2164 461 2242 (of.
479 2167 629 2226 Thiersch
646 2166 700 2226 Gr.
717 2188 762 2244 gr.
778 2167 826 2226 66.
850 2165 1036 2240 III.§153,
1056 2168 1104 2223 17.
1134 2165 1273 2225 Leskien

150 2268 171 2325 l.
189 2289 214 2325 e.
230 2287 301 2344 pag.
316 2265 379 2344 13),
404 2288 587 2346 quamquam
611 2270 761 2346 originem
784 2289 888 2326 eorum
909 2267 1001 2326 valde
1025 2267 1183 2325 obscuram
1206 2288 1272 2327 esse
1331 2314 1338 2324 ,

152 2389 215 2426 666
244 2390 335 2446 nego.
385 2369 448 2429 Sed
476 2378 595 2428 constat
628 2390 782 2429 consonae
816 2370 945 2428 61166166
978 2369 1107 2427 amissae
1139 2370 1272 2446 vestigia

152 2471 236 2549 apud
259 2471 427 2529 Homerum
450 2491 635 2548 comparere.
679 2471 750 2529 Non
782 2480 885 2530 tamen
913 2491 951 2529 ex
971 2470 1030 2529 hoc
1051 2470 1166 2548 hymno
1190 2491 1270 2530 nova

154 2581 334 2649 argumenta
356 2573 420 2649 peti
442 2581 586 2650 possunt:
616 2593 687 2630 nam
709 2572 742 2630 id
764 2573 847 2650 quod
869 2573 982 2649 legitur
1002 2593 1031 2630 v.
1050 2573 1065 2628 1
1087 2565 1270 2640 Ἀττόλλωιλος

154 2670 268 2731 ἑκάτοιο
296 2663 356 2732 1661
383 2675 456 2731 66116
485 2682 591 2731 66166
614 2682 660 2732 661
683 2694 721 2732 ex
742 2673 843 2732 Iliade
868 2669 918 2748 (H
937 2675 988 2731 83.
1016 2673 1043 2728 Y
1061 2672 1152 2750 295),
1176 2695 1206 2731 v.
1230 2674 1269 2731 56

151 2769 436 2844 16166Ἁιτόλλωνος
460 2784 490 2834 61
513 2770 654 2852 ἑκαέργου
678 2784 723 2834 661
745 2795 871 2834 caesura
888 2775 1127 2852 semiquinaria,
1157 2784 1270 2853 quaet

152 2878 204 2936 ille
226 2877 327 2935 hiatus
351 2886 526 2950 excusatur,
556 2879 609 2956 qui
632 2886 678 2937 est
699 2899 728 2936 v.
752 2877 793 2935 45
816 2870 967 2933 ὠδίνουσα
987 2869 1160 2952 Ἑκηβόλον.
1204 2876 1270 2935 Ν66

152 2979 248 3037 maior
276 2979 439 3037 difficultas
468 2987 513 3037 est
534 3001 563 3037 v.
588 2981 628 3038 00
650 2985 723 3059 γονῇ
746 2973 876 3053 ἑκάτοιο,
906 2999 973 3036 cum
1001 2999 1020 3058 η
1049 2979 1172 3036 omnino
1201 2998 1269 3035 raro

153 3081 334 3158 corripiatur
357 3079 482 3156 (Hoffm.
505 3080 525 3156 ξ
549 3080 614 3157 50).
658 3081 787 3138 Prorsus
817 3088 920 3138 autem
949 3081 1111 3138 evanuisse
1139 3081 1269 3138 amissae

47 3218 51 3223 -
78 3170 93 3183 ’
150 3183 273 3241 litterae
295 3187 469 3242 memoriam
493 3183 606 3260 optime
630 3183 854 3240 demonstratur
869 3204 897 3240 v.
917 3184 985 3253 177,
1011 3180 1063 3239 ubi
1083 3181 1174 3238 etiarn
1197 3189 1268 3239 ante

152 3304 308 3342 caesuram
330 3285 423 3361 longa
445 3285 558 3342 vocalis
581 3293 720 3361 correpta
743 3292 805 3342 est:
828 3275 921 3358 αὐτὰρ
945 3277 1021 3359 ε’γιὸν
1042 3275 1077 3338 οὐ
1100 3277 1177 3356 λήξω
1200 3277 1268 3356 ἑκη-

152 3370 242 3462 atro
261 3379 324 3459 'Aa

237 3513 294 3570 His
317 3533 416 3590 pauca
432 3511 470 3569 de
487 3512 530 3569 eis
546 3510 702 3570 vocabulis
725 3510 820 3583 addo,
845 3509 955 3588 quibus
979 3508 1050 3567 olim
1073 3523 1090 3563 σ
1113 3509 1268 3567 16111616
1355 3578 1360 3595 ‚

153 3615 248 3673 fuisse
276 3622 405 3672 constat.
451 3613 543 3689 Quod
570 3614 700 3690 primum
729 3613 811 3671 cadit
840 3613 872 3669 in
900 3611 1079 3671 adverbium
1108 3605 1269 3686 ἑκάτερθεν

152 3739 182 3775 v.
206 3718 245 3773 27
271 3712 323 3790 (of.
348 3715 471 3773 Curtius
494 3735 565 3792 pag.
588 3716 664 3787 409,
689 3714 824 3772 Leskierr
847 3735 918 3791 pag.
944 3711 1011 3788 16);
1044 3712 1098 3770 666
1121 3711 1159 3769 ab
1183 3719 1267 3770 ante·

153 3818 276 3876 cedenti
297 3836 372 3875 voco
394 3809 546 3895 άμφιράτη
569 3837 694 3875 caesura
716 3824 885 3892 separatur.
921 3814 1046 3872 Deinde
1069 3831 1268 3871 commemoro

152 3927 271 3978 tanturn
292 3939 413 3979 versum
437 3919 512 3988 163,
537 3918 622 3975 66166
644 3918 677 3974 16
699 3918 760 3975 fine
781 3917 894 3994 legitur
915 3909 1005 3983 αὐτὸς
1029 3909 1158 3982 ἕκαστος.
1203 3914 1269 3972 Ν66

153 4022 315 4099 quicquam
348 4020 435 4079 nobis
469 4018 653 4077 concludere
675 4019 754 4089 111661
782 4039 820 4076 ox
847 4019 944 4076 forma
972 4010 1109 4092 ἐερμένον
1137 4037 1166 4074 v.
1197 4016 1266 4088 104,
1319 4069 1323 4077 ,

153 4144 225 4182 nam
246 4131 342 4181 totum
363 4143 485 4181 versum
507 4121 629 4180 fluxisse
653 4141 691 4180 ex
713 4132 730 4176 6
754 4121 898 4179 assiam
920 4138 1013 4196 supra
1035 4113 1185 4176 vidimus.⁴
