2746 4642
33 420 38 435 x
143 342 199 422 πρὸ
229 343 363 420 φόωσδε,
394 346 426 401 Π
450 348 508 403 188
534 342 657 422 ἕξοίχαχε
688 342 744 422 πρὸ
776 343 910 421 φόωσδε,
937 348 962 400 Τ
984 349 1042 404 118
1067 343 1098 403 ἕκ
1121 339 1149 402 ‹l'
1174 342 1268 424 όίχαχε

144 443 201 525 πρὸ
232 445 361 521 φόωσδε.
399 480 438 487 -
473 445 545 524 120)
570 443 616 522 ἤιε
639 446 749 523 Φοῖβε,
782 447 902 506 0365.
940 447 1087 506 Τ152*.
1117 482 1157 489 -
1192 447 1266 526 121)

148 546 239 626 φοίρείΙ
258 552 371 629 λευκῷ,
393 550 422 603 Σ
435 547 529 607 35311.
548 583 586 589 -
605 548 677 627 122)
702 552 798 630 λεπτῷ
821 545 968 628 νηχατέφ,
992 551 1030 607 cf.
1055 545 1083 611 Ξ
1106 551 1166 608 185
1188 554 1270 630 καλῷ

149 647 311 731 νηχατέφ*.
333 684 375 692 -
399 649 472 727 123)
495 644 664 708 Ἀπόλλωνα
687 649 853 729 χρυσάορα,
878 651 903 707 Ο
925 653 985 709 256
1010 648 1213 729 (χρυσάορον).
1232 687 1269 695 -

152 752 224 830 131)
249 750 390 828 καμπύλα
412 749 497 827 τόξα,
527 753 555 807 E
578 755 627 810 97.
651 754 680 808 Κ
702 755 773 812 333,
804 754 844 809 Μ
864 755 936 812 372,
960 752 988 807 Φ
1012 752 1106 812 50216,
1129 787 1171 798 -
1195 752 1269 832 132)

88 882 89 886 ’
151 851 294 931 νημερτέα
316 851 439 931 βουλήν,
463 876 481 910 α
505 857 555 912 86,
579 874 592 911 ε
616 852 689 913 30³³.
713 889 753 895 —
784 853 857 932 133)
884 850 931 911 ἐπὶ
953 851 1065 929 χθονὸς
1088 850 1271 932 εὐρυοδείης,

152 959 186 1013 Π
206 958 277 1016 635.
299 979 318 1032 y
339 957 400 1014 453
410 954 436 1014 *.
460 989 501 996 -
525 953 598 1031 134)
623 955 733 1032 Φοῖβος
756 949 968 1032 ἀκερσεκόμης,
995 955 1106 1015 Τ39*.
1130 989 1171 998 -—
1196 957 1269 1033 140)

150 1055 227 1130 σ’ίναξ
251 1052 406 1135 ἑκατηβόλ’
429 1052 590 1132 Ἁπόλλων,
613 1061 637 1113 e
660 1056 756 1116 339t.
780 1091 821 1098 —-
846 1057 918 1135 147)
944 1054 1128 1134 ἑλκεχίτωνες
1148 1053 1270 1135 Ἰάονες,

152 1162 185 1219 Ν
208 1164 278 1220 685.
312 1194 353 1201 -
386 1159 459 1237 154)
495 1157 691 1230 καλλιζώνους
725 1181 755 1218 τε
787 1165 947 1238 χυναῑκας,
983 1161 1016 1216 Η
1045 1163 1114 1220 139.
1143 1160 1271 1221 12698.
1343 1176 1351 1192 ’

152 1280 178 1338 φ
203 1261 296 1322 147*.
328 1296 370 1307 --
402 1261 475 1340 156)
501 1258 555 1319 όου
584 1258 666 1332 κλέος
695 1257 800 1319 οὔποτ’
825 1256 943 1338 όλείται,
968 1263 992 1318 Β
1015 1261 1109 1324 325*,
1131 1296 1174 1304 —-
1197 1261 1270 1341 161)

152 1359 225 1440 φῦλ’
250 1357 434 1442 ἀνθρώπων,
457 1386 475 1441 χ
491 1365 562 1422 282.
579 1384 595 1420 ο
610 1363 704 1423 409*.
723 1398 763 1405 —-
780 1363 853 1441 165)
864 1358 1019 1435 ,Ἁπόλλων
1037 1359 1183 1442 Ἀρτέμιδι
1206 1362 1272 1440 ξύν,
1343 1412 1350 1423 ,

153 1465 286 1525 ο410*.
309 1500 350 1507 -
375 1466 447 1543 167)
474 1462 657 1541 ἐπιχθονίων
678 1459 867 1543 ἀνθρώπων,
898 1468 926 1521 Δ
947 1464 1021 1525 45*.
1045 1500 1085 1507 -
1110 1465 1190 1543 172)
1208 1464 1273 1545 Χίφ

155 1566 198 1626 ε’νί
220 1563 435 1647 παιπαλοέσση,
458 1589 475 1644 y
493 1571 553 1627 170
569 1566 655 1624 Χίοιο
679 1611 684 1622 .
703 1610 709 1622 .
732 1563 959 1643 παιπαλοέσσης.
976 1567 1107 1659 -θ174)
1126 1561 1174 1626 ἐπ’
1191 1559 1272 1642 αἶαν,

155 1671 180 1726 ο
204 1674 230 1727 1.
256 1671 274 1726 ι
296 1672 367 1728 σου.
395 1670 429 1725 Ψ
449 1655 575 1727 τινα
599 1670 669 1727 695.
693 1690 716 1725 ω
739 1668 834 1729 sear.
852 1702 888 1710 -
915 1666 989 1747 175)
1012 1666 1112 1740 πόλεις
1135 1661 1170 1728 εὖ
1194 1691 1272 1728 ασε-

154 1769 288 1846 τααίσας,
312 1772 337 1827 Β
360 1769 454 1830 648*.
476 1802 518 1812 —
543 1770 615 1847 177)
636 1763 799 1847 Ἑκηβόλον
818 1765 1003 1846 Ἀπόλλωνα,
1026 1773 1056 1827 Α
1079 1770 1151 1829 21*.
1246 1820 1249 1824 .

239 1925 306 1982 Iam
336 1946 403 1982 cum
432 1925 627 2000 cognoverim
655 1925 832 1982 sollemnem
861 1926 1058 1984 formularum
1086 1925 1190 1984 sedem
1212 1948 1274 1984 ma-

154 2029 234 2085 xime
257 2047 324 2085 esse
346 2027 378 2082 in
401 2026 462 2083 fine
484 2046 604 2095 versus,
635 2026 765 2083 alterum
794 2025 871 2083 illud
895 2027 977 2102 quod
1000 2027 1173 2103 quaerimus
1197 2028 1274 2085 dilu-

156 2130 223 2187 cide
253 2128 405 2206 cxplicare
439 2127 514 2184 mihi
545 2126 675 2198 videor,·
704 2147 771 2184 cum
801 2127 833 2183 in
863 2128 992 2204 singulis
1020 2128 1142 2204 hymnis
1171 2148 1275 2186 eorum

154 2251 297 2289 versuum
320 2249 479 2287 numerum
501 2229 609 2300 affero,
635 2229 688 2305 qui
710 2229 742 2285 in
767 2228 926 2287 formulam
947 2228 1131 2286 homericam
1153 2239 1274 2289 exeant.

157 2332 272 2408 Quales
300 2332 390 2390 huius
419 2331 527 2408 hymni
556 2331 675 2388 circiter
703 2330 856 2388 tertiam
884 2339 1004 2407 partem
1033 2331 1174 2407 explent:
1204 2341 1276 2389 sunt

157 2435 238 2493 enim
262 2434 300 2492 rle
325 2434 384 2490 178
407 2425 544 2490 versibus
567 2432 729 2509 sexaginta
751 2433 897 2510 quinque.
942 2432 1031 2490 Adeo
1055 2441 1157 2491 autem
1179 2442 1276 2492 totum

157 2557 254 2613 genus
278 2534 402 2593 (licendi
425 2543 588 2610 cognatum
611 2542 657 2591 est
682 2534 851 2605 homerico,
882 2543 915 2591 ut
944 2555 983 2593 cx
1005 2536 1093 2613 copia
1114 2535 1274 2593 vocabulo-

157 2636 229 2695 rum'
245 2638 355 2714 viginti
378 2637 514 2712 quinque
537 2643 656 2718 tantum
678 2636 892 2707 inveniantur,
918 2656 997 2713 quac
1020 2657 1083 2694 non
1107 2637 1189 2714 apud
1212 2637 1274 2694 Ho-

157 2761 273 2809 merum
296 2731 461 2812 exstent.⁹)

244 2841 389 2917 Sequitur
421 2847 454 2896 ut
488 2840 520 2896 in
554 2839 650 2896 altera
684 2847 770 2915 parte
809 2839 846 2895 (le
885 2839 1111 2915 digammate
1148 2841 1276 2922 aliisque

158 2944 276 3021 priscae
298 2942 424 3017 linguae
448 2941 585 3016 vestigiis
609 2960 744 3015 agamus.

245 3041 275 3119 1)
300 3043 429 3099 Formae
453 3041 691 3118 pronominis
715 3042 858 3099 tertiae
881 3062 1068 3121 personae
1091 3043 1276 3103 tribustan-

159 3156 223 3204 tum
244 3145 318 3202 locis
342 3142 432 3201 huius
454 3142 562 3220 hymni
586 3151 761 3212 occurrunt⁷
794 3163 874 3214 eum,
907 3143 959 3200 ubi
989 3145 1118 3221 simplex
1141 3155 1186 3202 est
1208 3166 1276 3202 nar-

158 3248 251 3316 ratio,
277 3255 370 3324 poeta
386 3246 451 3302 fere
466 3264 585 3321 semper
601 3244 774 3320 alloquatur
790 3245 894 3317 deum,
913 3247 1043 3304 ,omnino
1067 3255 1168 3304 antem
1183 3247 1279 3304 maior

159 3350 266 3427 hymni
296 3369 366 3425 pars
396 3346 585 3405 orationihus
614 3347 782 3423 expleatur.
828 3347 865 3405 V.
891 3349 907 3404 7
932 3345 984 3402 καί
1009 3346 1039 3403 οῖ
1064 3340 1116 3402 ἀπ’
1141 3346 1278 3422 ἰφθίμων

160 3517 269 3524 ..ῃ-

229 3617 251 3680 9)
271 3618 333 3665 Hac
352 3618 380 3664 in
400 3632 428 3665 re
448 3614 658 3687 Friedlaenderi
676 3617 812 3664 rationem
831 3621 943 3664 secutus
962 3632 1031 3664 sum:
1053 3617 1144 3679 „Zwei
1163 3616 1279 3666 homeri·

161 3702 226 3752 sche
245 3698 606 3762 Woerterverzeichnisse“‚
624 3699 739 3751 Jahrbb.
760 3700 803 3749 fiir
823 3700 904 3752 class,
917 3701 1016 3750 Philol.
1037 3702 1087 3750 III.
1108 3701 1200 3766 Suppl.
1213 3718 1277 3767 pag.

161 3790 210 3838 713
229 3802 269 3851 sq.
299 3786 424 3848 Hymnus
442 3786 470 3833 in
483 3786 533 3848 Ap.
552 3785 617 3836 Del.
637 3786 833 3849 quodammodo
854 3788 1007 3850 comparari
1025 3792 1116 3851 potest
1134 3802 1193 3836 cum
1212 3786 1278 3836 Ilia-

162 3871 204 3920 dis
222 3872 293 3921 libro
312 3870 345 3934 Φ,
366 3870 411 3933 qui
429 3871 503 3918 intra
521 3871 568 3918 611
589 3885 684 3920 versus
705 3871 829 3919 continet
847 3873 878 3919 66
898 3859 976 3932 ἅπαξ
997 3865 1142 3936 εἰρημένα.

228 3957 397 4018 Hymnorum
419 3954 556 4004 vocabula
579 3970 633 4004 non
656 3954 796 4004 homerica
822 3954 937 4018 collegit
955 3956 1129 4005 Hermennus
1147 3956 1278 4015 Fiethau,

162 4025 225 4104 „Dc
245 4041 394 4090 carminum
413 4039 611 4088 Hesiodeorum
630 4043 713 4102 atquc
732 4039 891 4100 hymnorum
919 4044 1036 4103 quatuor
1053 4055 1213 4104 magnorum
1232 4058 1278 4091 vo-

162 4125 268 4176 cabulis
287 4140 341 4175 non
360 4122 537 4188 homericis“,
556 4123 715 4188 Regimonti
735 4124 808 4173 1866.
