2746 4642
613 181 764 277 -..Hm

130 372 261 430 lationes
283 380 344 429 tres
368 372 557 448 potissimum
573 371 724 449 detegisse
740 372 798 430 sibi
819 373 977 445 videntur,
990 392 1129 461 ‘quarum
1150 375 1250 453 prima

128 475 168 530 sit
190 471 218 530 v}
244 473 383 544 36-52,
409 473 505 531 altera
529 475 721 546 106-199,
747 475 937 545 256-275,
965 476 1056 532 tertia
1079 475 1150 533 200.
1175 476 1248 535 201.

129 575 319 632 239-255.

214 674 368 734 Confiteor
383 675 456 733 mihi
471 677 607 750 plurima,
624 696 704 754 quae
718 676 764 734 illi
779 677 903 753 quidem
917 677 1124 754 protulerunt,
1144 677 1247 735 admo-

128 776 200 834 dum
215 777 351 853 placere,
370 777 425 835 sed
440 797 508 835 cum
524 778 648 836 dicendi
664 798 777 855 genere
792 777 931 836 diversae
947 777 1019 836 illae
1034 776 1124 834 huius
1140 777 1249 856 hymni

127 887 228 955 partes
251 898 314 935 non
337 878 418 936 inter
439 898 472 937 se
496 878 683 956 discrepent,
709 889 847 950 nonest,
873 879 956 956 quod
978 880 1148 936 accuratius
1164 899 1249 937 nune

128 979 166 1036 de
183 980 225 1036 eis
243 979 404 1056 disputem.
443 979 505 1037 Sed
527 980 640 1039 iniuria
663 980 708 1037 illi
731 981 882 1038 nonnulla
896 979 1036 1038 Hesiodo
1058 978 1246 1056 tribuerunt3

128 1101 199 1137 nam
220 1079 347 1138 Homeri
369 1081 571 1139 imitationem
593 1101 759 1158 agnoscere
784 1080 954 1140 debebant:
978 1102 1007 1138 v.
1025 1083 1042 1138 6
1060 1076 1248 1154 ἐϋστεφάνου

128 1178 297 1257 Κυθερείης
322 1177 374 1256 (cf.
398 1182 421 1236 θ
445 1177 531 1256 288).
569 1203 598 1239 v.
622 1182 660 1237 22
684 1178 799 1258 Κρόνος
821 1174 1028 1258 ἀγκυλομήτης
1053 1179 1105 1258 (cf.
1130 1184 1158 1237 Δ
1180 1181 1247 1259 59).

25 1284 36 1304 ‘·
127 1283 187 1339 254
216 1275 272 1338 οὐκ
300 1275 465 1356 ὀνομαστόν
495 1278 546 1357 (cf.
571 1302 586 1337 τ
609 1283 678 1341 260.
709 1281 796 1359 597).
855 1284 915 1341 288
945 1280 1084 1356 ψολόεντι
1110 1290 1247 1363 κεραυνῷ

129 1380 181 1457 (es.
197 1398 223 1456 ψ
240 1382 327 1459 330).
365 1382 480 1442 Contra
503 1403 535 1441 re
558 1403 631 1442 vera
653 1383 810 1443 Hesiodea
832 1384 963 1442 formula
986 1394 1032 1443 est
1053 1405 1082 1442 v.
1101 1385 1161 1442 258
1177 1380 1247 1460 όρος

126 1479 199 1561 μέγα
223 1504 252 1541 τε
274 1481 386 1553 ζάθεόν
407 1504 437 1542 τε
461 1481 513 1559 (of.
536 1484 655 1561 Theog.
680 1483 728 1561 2),
760 1485 843 1563 quod
871 1486 940 1543 illos
969 1487 1059 1562 fugit.
1111 1483 1246 1544 Omnino

127 1595 228 1644 autem
246 1585 420 1644 Hesiodeae
444 1585 585 1644 dictionis
607 1587 737 1663 vestigia
759 1587 923 1645 admodum
945 1606 1015 1646 rara
1037 1595 1108 1645 sunt
1130 1589 1163 1644 in
1186 1587 1245 1645 hoo

126 1687 256 1766 hymno:
286 1708 357 1745 nam
384 1696 507 1764 praeter
527 1709 556 1745 v.
581 1689 599 1744 5
626 1680 686 1762 (do’
716 1683 839 1765 ἤπειρος
867 1684 959 1745 πολλὰ
987 1683 1087 1764 τρέφει
1112 1680 1163 1762 ἠδ’
1188 1682 1246 1743 ὅσοι

126 1785 263 1865 πόντος),
288 1779 417 1866 quocum
440 1789 615 1847 conferatur
629 1787 749 1866 Theog.
765 1790 826 1848 582
851 1782 910 1865 (όσ’
926 1783 1046 1866 ἤπειρος
1068 1784 1159 1845 πολλὰ
1181 1783 1245 1864 τρέ-

128 1909 178 1963 φει
199 1884 253 1964 ἠδὲ
275 1886 427 1967 θάλασσα)
451 1890 569 1948 nullum
591 1890 706 1950 addere
728 1910 861 1968 possum.

211 1991 278 2048 lam
311 2012 378 2049 cum
407 1991 547 2048 omnibus
579 1991 628 2050 hic
660 1991 792 2069 hymnus
819 1984 1036 2068 όμρροκώτοιτος
1067 2011 1132 2050 esse
1161 1991 1244 2048 visus

126 2092 178 2163 sit,
213 2111 302 2149 nemo
331 2091 431 2150 adhuc
460 2091 625 2163 dubitavit,
661 2093 736 2169 quin
770 2101 853 2151 certa
886 2093 965 2151 vivi
1000 2093 1244 2170 digammatis

126 2193 255 2269 vestigia
283 2194 314 2249 in
338 2213 373 2251 eo
397 2200 528 2251 exstent.
578 2192 670 2251 Unde
702 2193 816 2252 factum
839 2203 897 2266 est,
927 2203 961 2251 ut
984 2193 1023 2252 G.
1046 2193 1244 2252 Hermannus

126 2293 219 2352 adh.
241 2293 272 2351 h.
296 2314 324 2351 v.
349 2295 388 2351 86
411 2293 535 2370 longam
557 2294 641 2351 illam
663 2293 895 2353 adnotationem
911 2294 949 2353 de
967 2294 1149 2371 digammate
1171 2295 1242 2352 scri-

125 2394 225 2467 beret,
251 2403 281 2453 et
294 2394 499 2454 Hoffmannus
521 2394 604 2453 hunc
625 2395 774 2474 hymnum
788 2417 850 2454 una
866 2417 933 2454 cnm
948 2396 1089 2473 sequenti
1106 2396 1242 2472 eligeret,

126 2496 158 2552 in
181 2496 290 2573 quibus
313 2496 367 2554 illa
384 2497 515 2573 vestigia
537 2505 786 2574 persequeretur,
811 2499 889 2556 sicut
910 2498 943 2555 in
958 2496 1058 2555 Iliade
1080 2496 1163 2555 fecit.
1200 2495 1243 2553 At

126 2617 181 2654 nos
203 2597 386 2669 videbimuS,
417 2598 547 2655 maxime
568 2597 696 2656 Homeri
718 2599 934 2671 imitationem,
965 2619 1057 2676 quam
1079 2598 1186 2656 ceteris
1210 2598 1242 2654 in

125 2698 215 2756 rebus
230 2718 286 2776 per
299 2706 396 2756 totum
410 2698 558 2776 hymnum
572 2707 689 2756 tantam
703 2718 769 2758 esse
780 2700 870 2758 modo
886 2700 1101 2770 intelleximus,
1118 2700 1242 2756 minime

61 2861 64 2864 ,
125 2819 197 2858 vero
221 2800 320 2877 ipsum
343 2781 496 2875 digamma
517 2799 617 2857 hiatus
641 2800 714 2856 istos
737 2800 1016 2878 productionesqne
1040 2799 1184 2858 effecisse.

211 2900 242 2977 1)
266 2901 460 2958 Pronominis
482 2899 542 2957 ΠΙ.
559 2919 639 2976 pers.
656 2900 792 2958 dativum
806 2899 838 2956 οἰ
852 2902 973 2976 saepius
996 2902 1039 2958 ita
1062 2901 1242 2958 collocatum

125 3003 311 3072 invenimus,
341 3009 375 3057 nt
402 3001 441 3057 sit
468 3000 580 3058 hiatus.
629 2999 721 3057 Unde
744 2998 948 3058 Hoffmannus
974 2996 1057 3077 (pag.
1082 2997 1155 3076 187)
1181 3001 1241 3058 iam

125 3104 274 3162 conclusit
295 3103 428 3160 litteram
449 3100 532 3158 illam
553 3107 704 3158 servatam
720 3120 796 3159 esse.
832 3099 875 3158 At
898 3101 963 3159 eius
977 3102 1152 3159 memoriam
1173 3110 1240 3160 tan-

124 3214 189 3262 tum
211 3204 394 3282 hymnorum
416 3210 554 3260 auctores
578 3222 648 3260 casu
664 3202 798 3280 quodam
812 3211 1024 3274 servaverunt,
1050 3223 1117 3260 cum
1137 3203 1239 3261 home-

120 3306 201 3362 'ricas
224 3303 370 3362 formulas
392 3304 424 3361 in
447 3323 502 3361 sua
524 3305 658 3363 earmina
681 3305 866 3382 reciperent,
891 3305 950 3382 ipsi
972 3304 1096 3382 quidem
1118 3325 1240 3382 prorsus

125 3406 300 3464 inscientes.
344 3403 502 3462 Habemus
525 3405 607 3464 enim
629 3399 664 3461 δέ
685 3404 716 3462 οἱ
734 3405 765 3464 h.
788 3405 819 3462 h.
837 3426 892 3464 ον.
910 3406 960 3464 59.
986 3407 1056 3465 164.
1080 3408 1151 3463 210.
1168 3406 1240 3464 235.

126 3506 179 3584 (cf.
202 3527 273 3584 pag.
303 3504 355 3583 38)
389 3501 448 3582 όρα
475 3506 526 3564 vel
553 3502 591 3583 ῥά
621 3506 652 3564 οἱ
688 3528 738 3565 vv.
769 3509 818 3565 10.
848 3508 899 3564 53.
929 3509 968 3565 63
999 3504 1050 3581 (cf.
1079 3527 1149 3584 pag.
1173 3503 1239 3581 38).

43 3671 46 3675 ‚
123 3609 233 3686 ltaque
256 3615 487 3665 commemorato
510 3627 573 3665 non
596 3627 672 3685 opus
696 3616 754 3679 est,
779 3629 809 3665 v.
833 3607 872 3664 59
897 3627 935 3666 ex
957 3605 1098 3685 Odyssea
1120 3606 1240 3664 illatum

125 3730 191 3770 esse
221 3706 257 3785 (θ
280 3709 369 3786 363),
411 3708 568 3766 nonnullis
595 3709 669 3767 locis
697 3709 814 3768 hiatum
842 3709 874 3765 in
902 3709 998 3786 primo
1026 3708 1076 3766 vel
1103 3708 1239 3766 secundo

124 3811 203 3890 pede
220 3811 309 3869 effici.
347 3809 410 3868 Sed
432 3809 525 3891 affero
547 3810 637 3887 primi
659 3809 748 3886 pedis
770 3809 928 3867 licentiam
945 3808 985 3867 ad
1007 3830 1036 3867 v.
1054 3809 1129 3880 208,
1154 3810 1239 3867 cuius

123 3915 156 3970 in
178 3913 266 3970 initio
291 3911 404 3988 legitur
425 3905 506 3984 όππη
528 3908 565 3971 οἱ.
617 3909 792 3969 Clausulam
814 3930 918 3968 versus
941 3911 1001 3968 267
1025 3911 1086 3970 iam
1109 3909 1238 3968 diximus

125 4034 163 4072 ex
184 4012 203 4069 δ
226 4014 286 4070 355
310 4013 471 4072 oriundam
494 4032 569 4071 esse.
619 4011 706 4069 Unus
728 4020 822 4070 restat
848 4031 953 4070 versus
977 4011 1052 4085 162,
1082 4031 1142 4089 quo
1170 4031 1236 4088 pro-

125 4114 227 4175 ductio
255 4115 423 4192 particulae
444 4109 499 4188 μέν
521 4122 593 4171 ante
615 4111 656 4185 οἱ,
688 4133 767 4191 quae
794 4113 828 4170 fit
855 4114 887 4170 in
911 4113 1047 4173 secunda
1069 4114 1144 4184 arsi,
1174 4132 1237 4169 non
