2746 4642
632 197 672 260 27

95 411 159 448 non
190 388 354 448 tribuenda
388 395 442 446 est.
492 389 558 446 lam
590 409 657 446 eum
686 391 717 447 in
746 391 837 448 simili
866 412 898 449 re
926 413 955 448 v.
986 393 1046 449 318
1076 384 1214 451 similiter

93 493 219 570 propria
246 511 388 550 mensura
416 491 499 548 vocis
526 485 646 564 ὃέλφιος
669 493 708 549 eit
731 493 872 569 neglecta
896 485 998 568 (αὐτὸς
1022 487 1140 566 ὃέλφιος
1163 491 1214 551 καὶ

94 589 246 668 ἐπόψιος),
271 601 432 670 utrumque
451 591 551 650 locum
566 592 604 650 ab
620 593 839 670 interpolatore
855 593 994 653 additum
1010 614 1076 652 osse
1092 615 1212 654 censeo,

92 694 197 754 Aliter
218 695 445 753 Baumeisterus
469 693 598 767 iudicat,
623 696 662 753 cf.
686 715 757 773 pag.
781 697 840 753 166
865 703 895 753 et
918 698 988 754 173.

181 846 212 924 3)
237 848 275 906 V.
301 847 360 903 225
385 855 430 904 est
457 847 621 924 singularis
650 848 747 906 forma
774 839 985 919 dedecalceas,
1016 848 1071 906 sed
1093 849 1210 906 confor-

93 960 175 1009 mata
196 971 232 1008 ca
253 949 376 1027 quidem
391 957 425 1006 ut
440 945 608 1025 κρύπτασκε
626 945 665 1025 (Θ
681 946 768 1026 272),
792 946 934 1026 ῥίπτασκε
951 946 1001 1025 (Ψ
1013 951 1085 1008 827.
1101 952 1125 1005 θ
1141 951 1212 1009 374.

98 1053 114 1108 λ
137 1050 229 1129 592),
253 1049 417 1145 ῥίπτασκον
441 1047 480 1126 (Ο
504 1048 567 1126 23).

179 1202 212 1280 4)
236 1202 275 1262 V.
300 1203 361 1261 270
387 1202 500 1279 legitur
527 1191 596 1258 ἆλτο
618 1196 776 1261 πέτεσθαι.
826 1202 922 1281 Apud
948 1203 1115 1262 Homerum
1143 1193 1235 1261 dirov

94 1305 180 1364 nullo
210 1306 277 1362 loco
308 1323 375 1362 cum
403 1303 554 1362 infinitivo
584 1306 782 1380 construitur3
823 1325 923 1382 neque
957 1312 1119 1364 venustum
1154 1314 1213 1364 est:

95 1429 150 1480 „er
179 1427 294 1484 sprang
319 1427 357 1463 zu
379 1405 523 1482 fliegen“.
570 1405 632 1464 Sed
654 1408 775 1484 saepius
798 1396 874 1484 cipro
897 1428 964 1465 cum
986 1407 1042 1465 inf.
1066 1408 1222 1466 construi·-

95 1519 151 1580 tur,
177 1509 252 1585 quin
275 1497 350 1583 ὦρτο
372 1501 515 1563 πέτεσθαι
538 1516 584 1565 est
600 1506 632 1562 N
648 1508 695 1565 62
712 1505 763 1584 (cf.
782 1529 801 1582 η
819 1509 857 1564 14
880 1497 956 1583 ιόρτο
978 1501 1096 1565 πόλινδ’
1121 1505 1212 1584 ἴμεν),

93 1610 139 1668 Ac
176 1631 242 1668 cum
275 1609 382 1688 hymn.
411 1608 461 1666 ΠΙ
489 1630 519 1667 v.
549 1610 587 1668 65
619 1610 738 1667 codices
767 1610 820 1668 elii
849 1609 1014 1689 exhibeant
1041 1600 1124 1682 ἆλτο,
1161 1609 1214 1667 alii

95 1714 195 1789 ipsum
223 1710 300 1769 illud
328 1699 418 1786 ιόρτο,
449 1730 511 1787 ego¹
535 1711 595 1768 iam
623 1692 726 1768 nullus
755 1710 876 1783 dubito,
908 1713 982 1788 quin
1005 1732 1040 1770 eo
1063 1712 1143 1783 loce,
1175 1710 1213 1769 de

94 1832 157 1891 quo
181 1813 315 1889 agimur,
339 1801 413 1888 ιόρτο
435 1806 579 1875 πέτεσθαι
601 1811 796 1872 scribendum
818 1814 866 1870 sit.

180 1962 211 2040 5)
235 1965 373 2022 Tertium
391 1964 469 2023 illud
485 1985 615 2036 carmen,
641 1963 723 2043 quod
740 1985 758 2022 a
773 1984 862 2024 versu
880 1967 941 2024 210
955 1984 1052 2043 usque
1068 1964 1107 2023 ad
1121 1965 1213 2023 finem

93 2067 185 2124 totius
216 2065 324 2144 hymni
351 2067 508 2151 pertinere
536 2087 628 2144 supra
659 2067 946 2139 demonstravimrm,
978 2088 1013 2126 ea
1036 2087 1157 2144 quoquo
1180 2087 1212 2125 re

94 2167 290 2226 memorabile
306 2176 359 2237 est,
386 2167 468 2245 quod.
484 2167 580 2225 tribus
602 2168 677 2226 loeis
700 2170 819 2227 numeri
843 2168 941 2227 dualis
965 2177 994 2227 ot
1018 2169 1143 2246 pluralis
1165 2169 1211 2225 in·
1307 2196 1309 2203 s

48 2309 50 2312 -
94 2269 175 2346 signi
196 2268 286 2326 modo
301 2269 548 2327 confunduntur:
572 2291 601 2328 v.
616 2271 675 2328 278
699 2264 786 2344 τίφθ’
810 2265 903 2338 οὕτως
926 2260 1049 2345 ἦσθον
1071 2266 1211 2344 τετιηότες

96 2367 150 2446 (sic
166 2367 268 2446 codd.)
286 2363 353 2426 οὐδ’
371 2366 418 2427 ἐπὶ
432 2374 522 2447 γαῖαν
538 2365 649 2447 iulide)
673 2393 702 2428 v.
716 2373 775 2430 309
792 2369 869 2427 ἱστία
884 2365 938 2444 μὲν
953 2377 1071 2447 πρῶτον
1092 2367 1211 2427 κόθε-

96 2491 156 2529 τον
178 2468 339 2528 λύσαντε
361 2467 475 2547 βοείας;
499 2493 526 2529 v.
544 2472 604 2529 323
628 2467 723 2528 εἰσόκε
746 2479 843 2548 χοῖρον
866 2467 1045 2546 ἵκησθον,
1069 2464 1111 2528 ἵν’
1136 2465 1212 2543 ἕξετε

96 2571 183 2631 πίονα
217 2568 300 2647 νηόν.
352 2571 413 2649 Qui
446 2573 506 2630 loci
539 2581 701 2651 propterea
734 2575 863 2631 maxime
893 2572 1102 2658 memorabiles
1130 2582 1210 2644 eunt,

96 2674 176 2752 quod
201 2673 299 2732 dualis
322 2682 426 2751 aperte
450 2673 559 2732 eadem
580 2675 625 2745 vi,
656 2694 716 2751 qna
739 2675 880 2752 pluralia,
911 2675 1027 2751 positus
1051 2664 1113 2750 est}
1141 2695 1212 2732 nam

96 2775 143 2834 hic
176 2784 206 2833 et
235 2774 390 2833 antecedit
418 2783 448 2833 et
476 2775 623 2852 sequitur.
674 2773 736 2834 Sed
764 2764 990 2834 Baumeisterns
1021 2770 1104 2852 (pag.
1136 2773 1208 2851 173)

96 2885 189 2935 totam
211 2896 275 2934 rem
297 2877 357 2933 iam
378 2875 458 2934 bone
482 2877 633 2953 exposuit.

180 3027 211 3105 ό)
236 3028 274 3087 V.
291 3019 391 3087 3486
411 3022 462 3085 ἄν’
487 3029 561 3087 elisa
583 3037 717 3087 extrema
739 3029 838 3088 vocali
861 3049 1046 3107 magnopere
1069 3028 1212 3088 abhorret

97 3128 134 3188 ab
158 3150 215 3190 usu
238 3129 404 3204 homerico,
429 3150 488 3208 quo
511 3125 571 3187 όίνα
594 3151 714 3207 semper
734 3140 837 3190 manet
859 3132 1021 3208 integrum.

337 3461 411 3527 111.
448 3461 502 3526 De
524 3461 655 3542 hymno
678 3463 717 3527 in
738 3461 969 3528 Mercurium.

179 3638 336 3716 Quantum
360 3638 521 3696 discrimen
544 3639 583 3695 sit
605 3639 685 3696 inter
706 3638 789 3696 hunc
804 3638 951 3716 hymnum
974 3645 1097 3709 etcum,
1120 3657 1211 3714 quem
1300 3706 1304 3714 ¹

96 3741 184 3800 modo
213 3740 422 3812 tractavimnS,
453 3739 503 3797 vel
531 3739 604 3797 inde
632 3748 774 3817 apparet,
804 3739 897 3815 qnod.
916 3759 954 3796 ex
981 3737 1119 3797 versibus
1149 3740 1211 3796 580

96 3841 259 3921 quatuor
281 3849 400 3900 tantum
423 3841 636 3913 inveniuntur,
670 3842 722 3918 qui
745 3842 859 3918 integri
882 3861 920 3899 cx
941 3841 1075 3913 Homero
1098 3841 1210 3916 sumpti

95 3942 165 4002 sin‘t.
211 3943 296 4020 Quos
327 3943 472 4020 deinceps
502 3942 609 4000 affero:
662 3941 734 4018 144)
765 3937 833 3999 edre
861 3945 946 3999 θεῶν
973 3936 1116 4016 μακοίρων
1143 3935 1211 3996 οότε

95 4048 219 4121 θνητῶν
240 4037 414 4120 ολνθριόπων
435 4066 477 4092 =
499 4063 510 4098 ι
533 4043 605 4126 521.
631 4076 668 4084 -
694 4041 767 4120 219)
791 4033 816 4100 τό
837 4040 944 4117 πόποι,
967 4031 986 4118 ἦ
1008 4036 1082 4118 μέγα
1103 4044 1210 4117 θαῦμα

66 4196 69 4201 ,
96 4142 157 4204 τόδ’
183 4139 385 4222 ὀφθαλμοῖσιν
407 4138 577 4221 decipere:
599 4144 631 4202 N
648 4147 697 4205 99.
718 4176 760 4187 -
781 4144 854 4222 333)
882 4139 941 4202 Τὸν
963 4137 993 4201 d’
1011 4133 1082 4203 αὖτε
1104 4139 1209 4222 προσί-
