2746 4642
553 191 762 290 'A

128 375 222 439 κακὸν
250 376 280 453 έξ
310 377 417 458 ἐμέθεν
444 401 492 459 γε,
522 383 562 442 ef.
585 402 598 440 ε
622 383 681 440 347
712 376 782 439 οάδέ
810 357 839 443 τί
864 400 908 461 τοι
934 375 1061 439 παθέειν
1088 375 1154 451 δέος
1176 373 1248 438 οὐδ’·

50 541 54 549 ,
128 478 301 540 ἀπολέσθαι.
331 517 371 524 -
400 485 471 543 203.
496 481 569 557 204)
598 478 734 561 ἥρπασεν
762 477 798 539 δν
825 479 875 539 διά
903 479 1023 556 κάλλος,
1052 476 1094 539 ἵν’
1125 476 1244 539 ἀθανά-

129 599 202 640 τοισι
230 583 344 659 μετείη,
372 583 436 657 Καί
460 604 489 641 τε
519 580 591 653 Διὸς
619 581 693 640 κατά
722 581 807 659 δῶμα
835 586 919 653 θεοῖς
950 564 1175 659 ἐπιοινοχοεύοι,
1205 585 1245 644 ef.

132 687 159 743 Y
177 687 249 744 234.
274 687 334 744 235
361 682 412 743 τὸν
439 681 489 742 καλ
515 678 717 762 ἀνηρείψαντο
746 681 812 742 θεοί
836 681 886 741 Διί
913 681 1092 760 οἰνοχοεύειν
1114 681 1244 753 Κάλλέος

128 783 226 844 εἵνεκα
260 778 321 862 οἷο,
356 781 399 843 ἵν’
431 779 610 843 ἀθανάτοισι
642 784 748 861 μετείη.
783 817 816 826 -
849 784 922 861 207)
957 788 1056 863 ΤρῶαΙ
1072 781 1105 842 δὲ
1131 781 1244 854 πένθος

126 884 299 945 ἀλαστον”
282 907 327 963 εχε
356 884 485 964 φρένας,
516 881 587 944 ούδέ
614 908 640 943 τι
667 884 750 1004 ᾔδει,
779 887 818 945 ef,
841 887 873 943 n
897 889 956 946 105
979 883 1093 956 πένθος
1115 883 1245 944 ἄλαστον

127 983 233 1063 έχονσα
267 985 338 1064 μετὰ
371 987 493 1065 φρεσίν·
448 979 593 1045 ίοίδα
626 985 677 1046 καὶ
707 982 807 1056 αύτός.
836 1020 877 1028 -
906 986 980 1063 224)
1010 981 1154 1058 ξῶσαί’
1127 1008 1142 1044 τ
1185 982 1245 1044 ἀπὸ
1328 1020 1332 1024 -

125 1096 234 1166 γῆρας,
269 1091 307 1150 es
337 1091 356 1146 I
383 1091 445 1149 446
472 1096 566 1167 γῆρας
594 1083 826 1182 ἀποξύσας-
855 1090 926 1146 247.
956 1087 1029 1165 248)
1057 1083 1152 1166 αύτάρ
1182 1085 1245 1165 ἐμοὶ

126 1185 190 1266 μέγ’
217 1187 333 1260 ι’ίνειδος
361 1186 394 1247 ἐν
415 1184 595 1248 ἀθανάτοισι
611 1185 735 1249 θεοῖσιν
756 1175 939 1248 ’Έσσεται”
917 1210 1015 1266 ηματα
1037 1186 1134 1247 πάντα
1157 1188 1243 1266 διαμ-
1326 1167 1329 1176 ¹

127 1285 228 1368 περές,
258 1293 297 1350 ef
328 1292 361 1347 Π
386 1293 458 1351 498.
487 1292 548 1350 499
577 1288 623 1348 ool
649 1287 705 1369 γάρ
734 1286 790 1368 ἐγώ
818 1288 869 1349 καλ
896 1286 995 1348 ἔπειτα
1023 1289 1168 1366 κατηφείη
1196 1289 1246 1349 καὶ

128 1388 242 1461 ἀνειδος
264 1389 410 1467 ’Ἐσσομαι
440 1388 538 1468 ἤματα
571 1389 669 1450 πάντα
701 1388 867 1470 διαμπερές.
897 1425 939 1434 —
967 1371 1040 1469 2³81)
1070 1386 1110 1466 ἢν
1139 1389 1172 1448 δέ
1201 1413 1243 1462 τις

127 1491 242 1571 εἴρηταί
267 1492 301 1551 σε
329 1496 531 1568 καταθνητῶν
558 1487 746 1574 ἀνθρώπων,
775 1495 814 1552 ef.
843 1514 854 1549 ι
877 1495 948 1553 502.
972 1494 1033 1552 503
1062 1489 1098 1548 αἴ
1123 1488 1176 1550 κέν
1201 1491 1244 1563 τίς

128 1609 160 1654 σε
182 1598 385 1670 καταθνητῶν
406 1587 580 1671 ἀνθρώπων
604 1638 609 1651 .
634 1639 640 1652 .
665 1639 671 1652 .
696 1639 703 1652 .
727 1593 849 1674 εἴρηται.

212 1697 279 1755 lam
301 1698 353 1774 qui
376 1716 428 1755 eos
450 1717 555 1755 versus
578 1697 763 1769 numerabit,
789 1698 841 1775 qui
863 1698 895 1754 in
918 1696 1063 1754 formulas
1077 1696 1128 1755 vel
1149 1696 1243 1756 hemi-

128 1798 235 1856 stichia
267 1797 421 1856 homerica
450 1807 577 1869 exeunt,
612 1799 637 1856 is
668 1799 807 1856 inveniet
840 1797 908 1876 plus
938 1784 1094 1855 dimidiam
1126 1806 1244 1874 partem

126 1901 218 1957 totius
245 1899 353 1976 hymni
381 1899 424 1957 eis
453 1899 585 1976 expleri:
615 1908 687 1957 sunt
715 1901 797 1958 enim
819 1919 858 1957 ex
879 1898 1017 1956 versibus
1041 1900 1101 1955 293
1125 1899 1244 1957 circiter

126 2002 195 2059 160.
240 1999 357 2080 Νεηιεοε
372 2001 404 2057 in
427 2008 514 2058 tanta
535 2000 663 2059 Homeri
685 1993 855 2059 imitatione
878 2001 986 2057 mirum
1010 2008 1068 2072 est,
1098 2000 1181 2076 quod
1205 2020 1243 2057 ex

124 2102 252 2178 singulis
285 2100 444 2160 vocabulis
477 2110 595 2160 tantum
629 2102 740 2179 viginti
775 2098 835 2160 duo
868 2101 951 2178 apud
978 2100 1147 2159 Homerum
1179 2121 1242 2158 non

126 2197 384 2278 inveniuntur37).

208 2304 287 2363 Nolo
321 2305 422 2363 silent
401 2314 443 2363 tro
470 2308 645 2383 praeterire
678 2307 832 2384 specimen
866 2305 944 2364 illud
977 2305 1121 2364 editionis
1152 2304 1243 2363 huius
1292 2314 1297 2322 ’

125 2405 246 2484 hymni,
276 2406 359 2483 quod
387 2405 543 2479 „Sodales
567 2407 727 2466 Societatis
749 2406 931 2483 Philologae
953 2405 1121 2464 Ienensis“
1144 2427 1244 2483 nuper

129 2503 239 2583 (1865)
271 2506 463 2585 Goettlingio
492 2507 678 2566 obtulerunt.
732 2507 781 2565 Ibi
809 2508 891 2566 enim
922 2527 976 2584 pre
1004 2527 1077 2564 uno
1111 2508 1244 2565 carmine

127 2618 257 2685 quatuor
290 2610 530 2683 constituuntur,
570 2630 649 2688 quae
683 2611 802 2687 origine
836 2611 917 2667 inter
948 2629 980 2667 se
1014 2608 1135 2666 diversa
1167 2609 1241 2666 sint:

125 2712 253 2787 primum
274 2711 409 2788 pertinet
430 2730 527 2788 usque
550 2710 590 2770 ad
612 2731 733 2770 versum
755 2711 811 2783 52,
836 2710 966 2769 alterum
987 2709 1060 2768 inde
1082 2729 1179 2787 usque
1203 2710 1242 2767 ad

126 2832 153 2870 v.
177 2814 253 2883 167,
277 2813 401 2869 tertium
422 2813 497 2871 inde
519 2831 616 2890 usque
639 2813 679 2870 ad
701 2834 730 2870 v.
755 2813 830 2884 201,
856 2820 886 2870 et
908 2831 927 2868 a
948 2832 978 2871 v.
1000 2811 1060 2868 239
1083 2830 1180 2888 usque
1203 2811 1242 2868 ad

124 2912 228 2986 finem,
258 2922 398 2991 quartum
421 2935 490 2973 av.
515 2915 574 2972 202
597 2933 695 2991 usque
717 2913 807 2993 adv.
832 2914 904 2971 238.
945 2911 1112 2970 Praeterea
1140 2921 1241 2970 autem

126 3015 257 3072 editores
281 3015 490 3074 demonstrare
509 3017 611 3074 eonati
632 3026 718 3087 sunt,
743 3015 931 3092 antiquiores
952 3013 1060 3072 herum
1075 3015 1241 3072 carminum

126 3125 227 3192 partes
242 3115 375 3192 strophis
392 3117 555 3193 quinorum
570 3137 712 3176 versuum
727 3124 881 3188 constare,
905 3133 1033 3192 quarum
1055 3116 1151 3173 iustus
1167 3115 1240 3172 ordo

125 3215 161 3273 ab
179 3215 465 3294 ‘interpolatoribus
493 3215 687 3293 perturbatus
710 3225 798 3275 esset.
848 3217 981 3274 Maiores
1004 3217 1086 3275 enim
1107 3217 1240 3294 interpo-

190 3465 222 3529 37)
239 3467 360 3517 Fietkau
378 3468 479 3532 viginti
497 3472 615 3533 quatuor
633 3471 788 3529 enumerem
807 3465 857 3517 sed
876 3482 967 3517 errore
980 3465 1073 3516 affert:
1094 3456 1240 3533 ,,ἀπλητος

123 3566 147 3604 v,
172 3551 234 3601 83ss
269 3552 338 3601 Nam
361 3553 413 3601 hoe
436 3552 491 3602 adi.
514 3552 616 3618 legitur
637 3552 729 3616 hymn.
753 3555 782 3601 in
804 3552 932 3601 Cererem
954 3567 981 3602 v.
1005 3553 1047 3602 83.
1089 3552 1241 3601 Praeterea

123 3637 203 3686 omisi
226 3627 468 3701 ἀμφιστεφανύω,
494 3652 554 3686 eum
576 3637 747 3702 praepositio
769 3652 822 3686 non
846 3637 883 3684 sit
906 3637 1056 3686 coniuncta
1077 3651 1137 3685 oum
1155 3637 1239 3686 verbo

123 3721 159 3782 (v.
181 3720 248 3783 120).
284 3721 400 3771 Restant
417 3721 502 3786 igitur
520 3716 590 3770 haee
607 3720 757 3770 vocabula:
778 3711 925 3777 διιπετέας
942 3722 967 3772 4.
987 3711 1101 3786 τρισσάς
1120 3723 1143 3770 7.
1163 3719 1239 3769 σατί-

123 3821 174 3864 νας
188 3808 228 3854 13.
248 3796 432 3870 ἁπαλόχροας
445 3807 484 3869 14.
504 3800 640 3870 τιμάοχος
652 3808 693 3855 31.
712 3799 866 3870 προκάδων
879 3807 918 3854 71,
938 3796 1046 3854 σύνδυο
1059 3806 1098 3855 74.
1118 3795 1238 3869 έύγναμ·

122 3881 195 3948 πιάς
207 3891 249 3938 87.
270 3884 405 3940 εἰσοπίσω
419 3891 475 3938 104.
495 3880 693 3954 χαμαιγενέων
706 3891 762 3940 108,
784 3879 961 3954 εύτειχήτοιο
975 3890 1032 3939 112.
1052 3878 1168 3937 ἀκτιτον
1182 3891 1238 3941 123.

121 3967 285 4038 καματηρός
297 3975 356 4022 240.
376 3965 591 4040 βαρυφθόγγων
610 3975 665 4023 169.
685 3962 858 4045 βιοθάλμιος
878 3973 934 4024 189.
955 3963 1163 4040 ἐπιοινοχοεύοιΙ
1180 3975 1237 4022 204.

121 4048 226 4123 ἀάρονς
249 4060 307 4106 249.
329 4047 442 4122 νηλειές
465 4060 523 4108 245.
546 4048 684 4123 ἐροέντων
703 4059 761 4110 263,
785 4047 921 4118 ἀζάνεται
940 4059 997 4107 aro
1023 4047 1236 4124 ἀμφιπεριφθι-

120 4134 208 4191 νύθει
226 4143 286 4190 ru.
303 4131 504 4199 καλυκώπιδος
521 4143 579 4191 εει.
