2746 4642
609 121 758 273 a

127 366 159 424 in
182 367 242 427 fine
264 366 358 425 habet
380 367 541 424 formulam
555 367 605 424 vel
626 367 850 426 hemistichium
868 367 1068 443 homericum3
1093 367 1243 427 vocabula

125 475 227 526 autem
238 488 302 527 non
316 467 468 527 homerica
484 469 515 525 in
531 475 595 526 toto
611 467 669 527 hoc
681 470 814 527 carmine
827 471 950 546 repperi
965 470 1075 546 uiginti
1091 459 1243 547 quinque:

126 563 326 646 ἐρισφαράγου
349 591 377 627 v.
403 570 479 642 187,
508 564 673 644 βατοδρόπε
695 591 724 626 v.
750 571 823 641 130,
855 565 970 638 ἑλικτάς
993 592 1023 627 v.
1048 571 1121 642 192,
1150 565 1244 644 σαφές

124 691 153 727 v.
178 669 247 742 208,
272 665 466 750 ἕδκραίρησιν
488 691 516 728 v.
541 672 609 741 209,
635 666 771 744 φηλητήν
792 693 821 728 v.
838 670 908 742 214,
933 666 1104 747 βαθύσκιον
1125 692 1154 729 v.
1172 672 1244 744 229,

126 765 259 845 ἐλόχευσε
281 793 310 829 v.
336 773 411 842 230,
436 765 575 848 πρέμνων
597 793 626 829 v.
651 772 726 843 238,
752 769 904 840 νεόλουτος
927 793 956 829 v.
980 771 1056 844 241,
1080 768 1244 848 προκαλεό-

124 874 211 946 μεθος
234 894 263 930 v.
282 873 350 944 241,
376 865 497 948 οὐρείην
520 894 548 930 r.
565 873 634 944 244,
661 867 808 930 ἔσκαπτον
829 894 859 930 v.
882 873 954 946 207,
976 869 1110 952 μασχάλη
1125 894 1155 931 v.
1171 873 1243 944 242,

126 968 296 1052 ἐντροπίῃσι
318 981 355 1030 τί
373 972 444 1047 245,
467 968 562 1047 μήνυε
585 994 615 1030 v.
639 973 714 1044 254,
740 954 915 1047 διοισόμεθ’ἱ
931 994 961 1030 v.
985 973 1061 1048 255,
1093 969 1245 1050 μήνυτρον

126 1096 156 1132 v.
180 1074 256 1146 264,
281 1067 435 1150 άπρεπέως
458 1095 487 1130 v.
504 1074 575 1145 272,
592 1066 775 1150 άμαράσσων
789 1095 818 1132 v.
836 1075 905 1144 278,
930 1069 1111 1150 δολοφραδές
1126 1096 1155 1132 v.
1172 1075 1243 1146 282,

124 1170 307 1243 σκευάζοντα
322 1165 352 1232 τ.
370 1174 439 1244 285,
456 1169 563 1247 ψόφου
578 1196 607 1231 r.
625 1174 695 1246 285,
712 1166 805 1254 άντρῖς
823 1167 985 1249 (άυτήσεις)
1002 1196 1030 1232 v.
1038 1175 1119 1253 288,
1141 1171 1245 1232 λίκνου

128 1297 157 1334 v.
182 1277 252 1334 290.
276 1307 318 1317 —-
339 1274 488 1333 Videmus
511 1275 612 1351 igitur,
638 1274 841 1334 elocutionem
863 1275 954 1333 huius
977 1276 1073 1352 partis
1095 1296 1158 1334 non
1181 1284 1244 1333 toto

128 1397 241 1454 genere
265 1376 417 1435 diversam
440 1395 505 1434 esse
529 1375 566 1433 ab
588 1375 752 1434 homerica.

211 1477 244 1554 4)
270 1476 333 1536 Sed
356 1485 403 1535 est
424 1477 486 1535 alia
507 1477 598 1534 huius
620 1476 728 1554 hymni
750 1497 836 1556 pars,
867 1497 946 1555 quae
968 1479 1075 1535 mirum
1097 1487 1245 1556 quantum

124 1577 162 1638 ab
187 1599 223 1637 ea
246 1578 354 1637 distat:
379 1578 447 1636 dico
471 1599 522 1636 eos
545 1598 659 1650 versus,
685 1579 737 1655 qui
753 1599 771 1636 a
787 1579 826 1636 25
849 1580 1007 1656 pertinent
1029 1599 1125 1657 usque
1148 1579 1188 1637 ad
1205 1581 1241 1637 61

126 1677 239 1756 (agitur
274 1679 313 1738 de
342 1678 476 1738 citharae
505 1676 709 1755 inventione).
759 1679 809 1737 Ex
836 1679 974 1737 versibus
1004 1681 1085 1738 enim
1112 1681 1153 1738 36
1184 1680 1243 1738 duo

123 1790 242 1839 tantum
264 1782 296 1838 in
320 1781 481 1839 formulam
502 1780 687 1838 homericam
709 1789 822 1838 exeunt
840 1776 903 1855 (26.
919 1779 990 1857 54),
1015 1781 1070 1840 scd
1092 1801 1127 1840 eo
1149 1782 1245 1839 maior·

124 1891 170 1940 est
197 1902 340 1941 numerus
369 1879 586 1940 vocabulorum
615 1901 677 1938 non
706 1881 941 1956 homericorum,
971 1902 1050 1959 quae
1078 1883 1111 1939 in
1139 1883 1244 1959 paucis

122 1984 170 2040 his
193 1983 331 2042 versibus
354 1984 561 2042 continentur.
607 1981 686 2040 Sunt
709 1982 790 2050 enim
812 1983 923 2060 viginti
945 2003 1013 2045 sex:
1037 1977 1125 2058 χέλυν
1147 2004 1176 2040 v.
1194 1983 1242 2054 25,

124 2086 220 2141 σαῦλα
248 2105 277 2142 v.
302 2084 356 2155 28,
373 2079 538 2159 ’σύμβολον
565 2104 599 2140 v..
619 2084 673 2154 30,
704 2075 849 2157 ὀνήσιμον
877 2083 968 2156 ibid,
999 2077 1128 2154 ὀνοτάζω
1157 2083 1242 2155 ibid,

124 2179 246 2261 ἐρόεσσα
268 2206 298 2243 v.
315 2186 364 2256 31,
390 2181 543 2260 χοροίτυπε
559 2182 644 2266 ibid,
669 2179 815 2260 ὄστρακον
837 2206 866 2242 v.
885 2186 935 2259 33,
959 2180 1131 2261 ἀποτιμήσω
1146 2207 1176 2243 v.
1193 2186 1242 2255 35,

78 2276 83 2284 ’
124 2281 285 2360 ἐπηλυσίης
308 2307 336 2343 v.
358 2287 406 2356 37,
431 2282 640 2360 πολυπήμονος
664 2283 748 2358 ibid,
772 2278 960 2360 άναπιλήσας
982 2308 1012 2344 v.
1028 2288 1077 2357 41,
1101 2281 1244 2364 γλυφάνῳ

41 2451 42 2455 Ἰ
123 2387 218 2459 ibid,
244 2382 373 2462 χελώνης
401 2409 430 2444 v.
460 2388 511 2444 42.
539 2387 594 2458 48,
627 2382 796 2461 ἐξετόρησεν
817 2409 859 2445 ,v.
889 2387 943 2458 42,
973 2381 1111 2462 μέριμναι
1140 2409 1169 2443 v.
1192 2387 1242 2457 44,

123 2481 274 2565 άμαρυγαί
294 2509 323 2546 v.
346 2489 397 2560 45,
426 2483 569 2562 καλάμοιο
590 2509 619 2545 v.
642 2489 682 2545 47
708 2483 900 2565 [λυδορρίνοιο
922 2511 950 2546 v.
974 2484 1037 2565 48],
1062 2483 1243 2563 συμφώνους

123 2610 152 2647 v.
170 2591 219 2661 51,
243 2585 380 2667 πλήκτρῳ
395 2610 424 2646 v.
442 2589 490 2660 53,
514 2583 601 2665 μέρος
617 2587 702 2660 ibid,
724 2582 836 2666 ήβηταί
848 2612 877 2648 v.
894 2591 943 2661 56,
966 2585 1132 2666 παραιβόλα
1147 2611 1176 2647 v.
1193 2590 1242 2660 56,

123 2681 328 2748 καλλιπέδιλον
351 2713 378 2748 v.
402 2690 451 2762 57,
477 2685 603 2769 ἕταιρείη
625 2711 655 2748 v.
671 2692 722 2750 58.
747 2724 784 2731 -
810 2690 872 2749 Sed
895 2692 954 2749 nisi
977 2690 1076 2762 fallor,
1101 2699 1154 2749 aut
1176 2710 1241 2748 ver-

123 2812 174 2864 sus
197 2792 336 2863 39-42,
369 2801 422 2850 aut
444 2791 568 2850 43-46
593 2792 736 2851 eiiciendi
764 2801 845 2851 sunt.
890 2792 969 2850 Nam
996 2811 1102 2850 versus
1123 2792 1164 2850 46
1190 2785 1243 2867 (δίς

123 2886 176 2967 ἅμ’
201 2888 270 2961 ἔπος
293 2912 322 2950 τε
345 2889 395 2949 καὶ
418 2888 502 2969 ἔργον
523 2889 647 2970 ἐμήδετο
669 2889 793 2968 κύδιμος
812 2887 936 2970 Ἑρμῆς)
961 2893 1034 2952 ferri
1057 2913 1120 2950 non
1143 2901 1244 2970 potest

124 2995 184 3051 nisi
207 2995 232 3051 si
254 3013 359 3052 versus
383 2995 507 3052 43-46
531 2994 660 3071 proximi
682 3003 754 3052 sunt
777 3015 794 3051 a
817 3014 907 3052 versu
931 2995 985 3066 38,
1016 3013 1076 3071 quo
1098 2993 1242 3051 Mercurii

124 3095 221 3154 oratio
249 3094 362 3153 finitur.
407 3095 475 3171 Ego
503 3103 606 3153 tamen
635 3096 768 3154 retinere
797 3095 955 3154 maluerim
982 3095 1099 3171 priores
1125 3111 1241 3166 versuo,

127 3197 242 3273 quippe
264 3197 317 3273 qui
340 3196 448 3254 ceteris
470 3197 566 3273 magis
590 3196 712 3273 cognati
736 3215 802 3255 esse
824 3197 998 3255 videantur.

210 3295 241 3372 5)
271 3297 337 3354 Iam
365 3290 485 3374 negari*
504 3318 566 3355 non
594 3306 711 3375 potest,
743 3317 793 3356 eos
821 3317 940 3369 versus,
973 3297 1026 3376 qui
1054 3297 1128 3356 inde
1156 3317 1174 3355 a
1203 3298 1241 3355 62

124 3417 221 3475 usque
250 3397 290 3456 ad
320 3399 380 3456 184
408 3399 577 3472 pertinent,
608 3420 671 3456 non
699 3401 742 3457 ita
770 3399 905 3457 diversos
929 3419 994 3457 esse
1017 3398 1055 3456 ab
1079 3399 1137 3470 eis,
1167 3417 1244 3476 quos

124 3499 214 3557 modo
247 3501 470 3562 tractavimus.⁴
508 3498 565 3557 Est
599 3502 681 3558 enim
713 3521 776 3559 non
807 3501 904 3558 solum
932 3500 1096 3559 admodum
1123 3498 1244 3558 modica

124 3601 251 3660 Homeri
273 3601 401 3659 imitatio
417 3599 472 3677 (23
488 3621 594 3660 versus
610 3622 648 3661 ex
664 3603 723 3658 122
740 3603 772 3658 in
794 3602 955 3660 formulam
976 3602 1057 3659 hom.
1074 3598 1242 3676 desinunt),

124 3702 179 3760 sed
207 3701 302 3760 muita
329 3703 421 3760 etiam
449 3703 650 3761 inveniuntur
676 3701 839 3773 vocabula,
868 3722 948 3780 quae
971 3702 1055 3780 apud
1076 3701 1244 3761 Homerum

34 3821 37 3824 ⁴
125 3823 187 3860 non
217 3811 338 3861 exstant
373 3799 456 3877 (circ.
481 3799 545 3877 50).
559 3796 598 3878 30)
653 3802 763 3879 Itaque
790 3803 955 3862 verisimile
989 3812 1048 3875 est,
1083 3812 1243 3881 utramque

193 4036 224 4100 ³⁰)
248 4037 392 4088 Vocabula
415 4053 468 4088 non
492 4037 634 4087 homerico
656 4040 736 4085 sunt:
773 4036 904 4102 φηληταί
924 4039 964 4090 67.
1002 4028 1178 4104 άκηρασίους
1202 4040 1243 4088 72,

124 4119 285 4180 πλανοδίας
304 4123 344 4172 75.
379 4113 568 4186 ψαμαθώδεα
591 4118 657 4170 ibid.
681 4114 804 4184 ἔμπαλιν
821 4123 863 4172 78.
899 4110 1030 4173 σάνδαλα
1052 4124 1093 4172 79.
1118 4124 1158 4172 83.
1184 4125 1242 4171 139.
