2746 4642
680 201 721 264 65

648 290 757 299 u-a—<m
770 292 775 296 .

66 433 71 439 ·
136 419 185 457 sus
211 397 270 457 104
296 391 370 452 κατὰ
398 393 518 472 δώματα
545 389 687 470 ἠχήεντα;
715 401 746 453 at
775 394 835 452 iam
865 392 977 450 dietum
1006 401 1053 450 est
1077 389 1160 471 (pag.
1185 391 1250 469 57),
1343 432 1346 438 -

135 501 215 557 hanc
254 497 421 558 clausulam
457 505 608 575 sumptam
645 516 711 555 esse
749 515 786 553 ex
822 491 840 549 d
877 494 927 552 72.
986 493 1116 557 Prorsus
1154 503 1255 554 autem

135 602 308 679 neglectum
331 608 377 659 est
399 598 535 658 eiusdem
557 598 660 675 stirpis
685 596 836 674 digamma
858 616 887 654 v.
903 595 972 653 ’479
998 588 1075 670 (οὔτ’
1088 587 1211 672 ἀχέειν).

220 734 271 812 10)
297 735 389 794 Vocis
411 728 533 802 ἕκαστος
561 754 656 791 unum
679 733 778 791 exstat
800 731 983 805 exemplum,
1012 751 1042 789 v.
1066 730 1126 788 302
1150 728 1252 788 οἴκαδ’

134 831 264 911 ἕκαστος,
288 836 341 895 ubi
355 835 559 894 Hoffmannus
584 832 616 910 (ξ
634 833 707 910 261)
732 833 807 890 miro
830 831 920 891 modo
945 851 1098 890 consonae
1121 833 1249 892 initialis

134 939 297 1016 vestigium
330 937 497 996 restituisse
530 935 588 994 sibi
623 936 705 994 visus
735 943 794 1006 cst,
831 954 897 991 eum
927 932 1153 992 commendaret
1181 955 1250 993 con-

65 1091 67 1096 .
133 1040 280 1097 iacturam
301 1058 387 1096 suam
409 1027 491 1094 οἶκον
513 1031 643 1105 ἕκαστος.

219 1174 270 1251 11)
294 1173 382 1231 Adeo
412 1181 513 1231 autem
543 1181 572 1230 et
594 1172 684 1229 liuius
707 1171 815 1250 hymni
838 1179 944 1229 auctor
965 1169 1092 1228 Homeri
1114 1172 1252 1249 vestigiis

132 1276 255 1346 institit,
292 1283 326 1332 ut
355 1295 385 1332 ν.
414 1274 472 1330 241
504 1273 621 1331 hiatum
649 1273 788 1330 illicitum
817 1255 978 1330 admittere
1005 1272 1125 1345 mallet,
1162 1293 1252 1351 quam

131 1397 212 1434 nova
235 1377 386 1453 proferre3
411 1376 531 1452 scripsit
554 1375 635 1433 enim
656 1375 756 1430 θεοῖσι
778 1367 811 1429 δὲ
833 1368 910 1429 α’ντα
933 1367 1027 1452 ἐῴκει,
1044 1373 1126 1432 huno
1141 1374 1249 1433 Iliadis

131 1478 231 1536 locum
253 1477 387 1534 imitatus
409 1479 509 1534 θεοῖσι
531 1471 589 1554 γαρ
611 1471 687 1532 ἰῖντα
709 1470 793 1555 ἐῴκει
817 1471 862 1549 (Ω
885 1471 970 1550 630).

116 1635 118 1640 ·
217 1609 267 1688 12)
297 1611 336 1671 In
370 1612 474 1671 codice
502 1634 531 1670 v.
562 1613 601 1670 76
630 1611 775 1670 traditum
810 1619 855 1669 est
882 1605 920 1686 ὃν)
948 1605 1004 1687 γὰρ
1032 1606 1105 1687 μέγα
1133 1606 1247 1686 ἅζομαι.
1310 1688 1313 1693 4

131 1713 193 1770 Sed
216 1731 398 1789 quamquam
419 1712 477 1770 lioc
499 1712 625 1770 verbum
648 1713 747 1770 amisit
768 1712 902 1770 litteram
925 1712 1074 1770 initialem
1099 1711 1151 1788 (cf.
1166 1712 1249 1772 Curi.

129 1835 200 1892 pag.
227 1811 316 1888 156),
347 1821 449 1870 tamen
472 1812 554 1870 hune
580 1813 698 1872 hiatum
720 1832 781 1870 non
805 1820 879 1890 puto
908 1813 990 1871 illius
1020 1833 1111 1872 causa
1134 1814 1248 1873 factum

129 1935 195 1972 esse
217 1911 262 1989 (in
277 1912 377 1972 Iliade
393 1913 480 1971 nulla
507 1914 572 1971 eius
588 1914 718 1990 vestigia
733 1911 933 1990 comparent).
973 1913 1049 1987 Sed,
1074 1915 1134 1972 nisi
1149 1915 1248 1989 fallor,

128 2016 214 2074 locus
238 2022 396 2092 corruptus
420 2022 476 2086 est,
501 2033 592 2092 quem
604 2013 731 2073 Vossius
754 2014 834 2073 bene
850 2015 984 2087 sanavit,
1010 2036 1077 2074 cum
1100 2017 1248 2077 scriberet

128 2113 165 2192 δι)
188 2113 243 2194 γάρ
266 2130 298 2173 σε
321 2109 387 2193 μέγ’
411 2109 525 2190 ἅζομαι.

213 2250 264 2327 13)
292 2251 437 2328 Denique
468 2251 548 2310 addo
577 2251 810 2328 productionem
837 2253 1074 2329 praepositionis
1103 2248 1150 2310 ἑνί
1176 2263 1248 2314 ante

127 2349 254 2430 μέγαρον
286 2375 315 2411 v.
346 2353 421 2424 164,
455 2372 535 2430 quae
569 2361 614 2412 est
648 2351 777 2411 maxime
811 2353 924 2411 usitata
958 2353 1041 2430 apud
1069 2353 1246 2414 Homerum.

128 2455 225 2512 Totus
254 2462 355 2512 autern
382 2473 488 2512 versus
512 2450 679 2530 (τηλύγετος
702 2447 735 2510 δέ
757 2451 787 2510 οἱ
805 2450 870 2523 υίὸς
893 2449 937 2511 ένὶ
959 2449 1074 2534 μεγάρῳ
1097 2448 1245 2536 εὐπήκτῳ)

129 2576 166 2616 ox
187 2557 246 2614 hoc
267 2556 375 2614 Iliadis
397 2555 464 2613 loco
488 2554 588 2613 fluxit:
613 2555 719 2614 1285.
744 2556 805 2614 286
828 2551 861 2624 ὅς
884 2553 915 2612 oi
933 2552 1087 2632 τηλύγετος
1111 2552 1247 2634 τρέφεται

129 2807 153 2856 Τ
173 2807 231 2857 285.
254 2809 312 2858 382.
334 2808 392 2856 443.
416 2822 432 2871 χ
454 2807 511 2870 81),
539 2807 629 2856 altera
654 2801 728 2872 μέγα
751 2799 857 2872 ἰάχων,
888 2806 972 2873 ἰάχον
996 2807 1033 2870 (ri
1055 2808 1111 2858 606.
1137 2809 1161 2858 Ε
1185 2810 1245 2860 343.

126 2889 154 2946 Ξ
169 2892 227 2939 421.
249 2891 345 2940 Ρ213.
365 2893 423 2940 317.
443 2891 472 2940 Σ
488 2892 544 2941 160.
563 2908 579 2940 κ
598 2890 668 2955 323).
704 2891 821 2941 Restant
839 2893 892 2942 duo
912 2891 1053 2956 Odysseae
1072 2893 1140 2943 loci:
1161 2892 1247 2944 6454

125 2967 222 3039 (ἡμεῖς
251 2968 283 3024 di
313 2965 470 3039 ἰάχοντες),
501 2978 582 3026 ι392
608 2967 730 3040 (μεγάλα
752 2968 898 3042 ἰάχοντα);
927 2978 975 3027 sed
999 2978 1155 3042 quindecim
1178 2978 1245 3028 locis

127 3059 159 3119 (A
177 3059 234 3107 482.
260 3059 281 3106 Β
299 3061 356 3108 333.
375 3061 432 3108 394.
458 3061 483 3107 Δ
502 3061 558 3110 125.
578 3059 609 3110 Ν
625 3062 683 3113 822.
702 3061 761 3111 834.
782 3063 805 3112 Ρ
823 3064 881 3114 723.
900 3062 984 3112 Σ29.
1004 3065 1061 3112 219.
1081 3064 1139 3116 228.
1163 3062 1187 3111 Τ
1202 3065 1243 3112 62.

127 3143 149 3191 Φ
164 3145 202 3193 10.
220 3141 316 3192 Ψ216.
332 3141 420 3206 6428,
440 3141 525 3208 ι396)
543 3143 682 3208 digamma
700 3145 859 3210 neglectum
878 3152 928 3200 est.
964 3147 1040 3196 Nihil
1060 3145 1135 3197 effici
1153 3152 1245 3212 potest

125 3226 168 3274 his
192 3226 274 3276 locis:
300 3227 320 3276 Z
344 3228 394 3276 468
417 3218 551 3293 (ἐκλίνθη
579 3224 691 3294 ἰάχων).
721 3231 746 3278 Λ
768 3231 817 3280 463
841 3227 912 3295 (τρὶς
941 3221 971 3279 δ’
996 3221 1061 3281 ἄϊεν
1089 3221 1243 3297 ἰάχοντος).

129 3312 214 3361 Τ424
232 3302 277 3376 (έν
294 3301 415 3378 πρώτοις
434 3303 546 3377 ἰάχων).
567 3312 651 3363 Φ341
671 3305 832 3378 (φθέγξομ’
852 3306 907 3379 έγώ
926 3305 1069 3380 ἰάχουσα).
1105 3317 1164 3366 Iam
1183 3332 1244 3367 cum

125 3413 135 3444 ι
154 3397 204 3446 395
222 3395 360 3460 digamma
378 3401 473 3461 aperte
493 3397 530 3446 sit
547 3397 704 3462 neglectum
725 3395 801 3463 (περὶ
821 3388 850 3446 d'
873 3396 938 3463 ἴαχε
956 3394 1071 3465 κε’τρη),
1098 3416 1160 3450 mea
1183 3403 1244 3465 qui·

125 3480 185 3529 dein
208 3480 337 3546 opinione
355 3496 381 3531 v.
401 3482 450 3530 392
470 3480 590 3530 eiusdem
613 3482 678 3532 libri
698 3473 819 3546 (μεγαλα
844 3475 977 3548 ἰάχοντα)
996 3483 1029 3532 de
1052 3485 1115 3534 vivo
1139 3485 1243 3550 digam-

124 3570 197 3614 mate
224 3580 278 3614 non
308 3569 351 3614 est
379 3565 562 3630 cogitandum.
605 3566 680 3616 Idem
705 3567 780 3616 cadit
808 3567 836 3615 in
859 3566 976 3616 alterum
998 3567 1077 3616 illum
1100 3566 1242 3632 Odysseae
1305 3632 1310 3643 1

124 3647 339 3714 1066613454),
359 3649 407 3700 ubi
425 3649 527 3716 legitur
543 3643 628 3716 ἡμεῖς
648 3647 680 3702 dl
701 3641 848 3718 ἰάχοντεςς
868 3652 944 3701 cuius
967 3652 1157 3716 productionis
1177 3669 1242 3704 cau-

124 3750 181 3782 sam
211 3733 274 3783 inde
298 3734 475 3798 repetendam
499 3749 560 3784 esse
583 3737 723 3800 suspicor,
753 3735 823 3798 quod
845 3740 945 3801 poetae
970 3740 1063 3786 aetate
1086 3737 1241 3802 inferiores,

125 3820 170 3882 qui
198 3817 270 3867 hano
299 3819 464 3883 particulam
492 3819 655 3884 saepissime
678 3819 794 3884 produci
817 3826 845 3871 et
868 3821 896 3870 in
919 3821 997 3870 hiatu
1021 3836 1081 3871 esse
1105 3821 1241 3881 viderent,

122 3901 203 3950 huius
227 3903 269 3950 rei
292 3917 404 3953 causam
427 3919 481 3954 non
503 3909 560 3953 tam
581 3904 610 3952 in
633 3905 760 3969 sequenti
782 3904 932 3964 vocabulo,
957 3920 1037 3968 quam
1060 3907 1169 3970 inipso
1188 3908 1240 3957 hac

123 3985 260 4051 particula
285 4002 345 4037 esse
365 3989 533 4052 putaverint.
570 3987 622 4038 Sed
641 3988 704 4039 nolo
722 3989 774 4040 hoc
791 4005 839 4055 pro
859 3994 935 4040 certo
955 3988 1101 4040 affirmare.
1138 3990 1240 4040 Summi

123 4071 253 4120 momenti
275 4070 343 4120 mihi
365 4071 433 4120 illud
457 4076 560 4122 tantum
587 4088 648 4122 esse
666 4073 789 4138 videtur,
813 4075 885 4138 quod
903 4079 982 4126 certa
1000 4075 1177 4140 digarmnatis
1195 4092 1240 4128 vc·

123 4157 207 4222 stigia
224 4155 335 4206 nonnisi
351 4155 381 4207 in
398 4155 524 4206 formulis
541 4156 740 4223 antiquissimis
759 4163 926 4226 comparant.

1015 4242 1035 4308 d
