2746 4642
606 86 757 180 4‘L

125 279 294 357 reptiones:
318 299 347 336 v.
364 268 404 336 46
428 273 496 346 ἔπος
520 296 548 333 ιε
571 272 622 332 καὶ
644 271 740 352 ἔργον,
757 296 791 332 v.
811 276 870 334 120
892 269 965 353 ἔργῳ
987 268 1017 329 d'
1036 269 1121 350 ἔργον
1142 271 1244 349 ὄπαζε,

124 402 153 437 v.
178 380 238 438 266
260 371 315 435 οὐκ
338 373 409 453 ἔμὸν
431 373 532 455 ἔργον,
555 399 584 435 v.
610 378 669 435 343
693 357 833 452 δαίμονος
857 371 937 452 ἔργα,
960 397 988 433 v.
1012 376 1072 433 531
1097 371 1193 434 ἔπέων
1215 397 1243 436 τε

124 476 175 538 aul
197 476 301 556 ἔργων.

210 580 241 658 7)
264 581 472 640 Transeamus
495 581 535 640 ad
558 581 691 639 radicem
711 582 778 640 ἔεπ.
817 579 987 638 Sollemnes
1003 580 1072 640 illas
1088 580 1242 653 formulas,

126 703 204 762 quae
227 683 260 740 in
282 677 394 756 ἔειπεν,
424 678 537 757 ἔειπας,
560 676 735 758 προσέειπεν
757 690 883 752 exeunt,
915 679 975 740 iam
996 683 1082 740 mitto
1108 679 1169 757 (vv.
1194 683 1243 740 29.

126 786 197 843 261.
227 784 299 843 329.
329 781 419 860 333);
455 792 541 861 patet
574 785 656 843 enim
691 780 742 842 eas
773 804 811 842 ex
838 781 971 842 Homero
1001 790 1137 860 sumptas
1167 802 1244 841 esse.

125 885 183 944 His
207 884 287 945 addo
312 884 472 944 formulam
494 891 559 942 νῦν
575 879 605 940 δ’
629 880 683 960 ἔγε
705 902 755 959 μοι
777 880 843 940 τόδε
859 878 922 940 εἰπέ
939 881 980 959 (v.
997 881 1082 960 439),
1108 884 1147 941 cf.
1164 885 1245 942 enim

127 986 249 1044 Κι384.
274 987 304 1041 Λ
327 986 399 1043 819.
422 1005 441 1040 α
467 987 525 1044 169
550 983 623 1062 (nisi
651 986 734 1064 quod
760 978 823 1067 ἀλλ’
849 1006 904 1064 pro
934 991 993 1042 νῦν
1021 978 1051 1041 d’
1076 984 1160 1064 apud
1181 985 1244 1042 Ho-

128 1108 243 1146 merum
276 1087 350 1164 poni
384 1084 485 1162 solat).
537 1086 655 1146 Ceteris
688 1087 763 1145 locis
799 1087 950 1164 digamma
983 1087 1156 1164 neglectum
1185 1096 1245 1146 ost:

126 1211 155 1247 v.
180 1189 220 1246 46
250 1181 303 1262 ἔμ’
328 1182 414 1261 ἔπος,
443 1209 470 1245 ν.
497 1189 556 1246 154
584 1184 664 1246 θεὰν
691 1183 779 1263 θεὸς,
808 1179 888 1262 εἷπε,
917 1209 946 1245 v.
977 1189 1035 1246 182
1065 1181 1096 1264 ῥ’
1120 1181 1247 1261 ἐπέεσσι,

126 1312 156 1347 v.
182 1291 240 1348 199
264 1284 358 1346 τοῦτοί
380 1307 429 1363 μοι
451 1283 530 1362 εἰπέ,
554 1311 582 1346 v.
607 1290 667 1348 218
686 1282 849 1366 Ἑκηβόλος
872 1278 944 1346 εἷπε.

211 1388 243 1467 8)
267 1389 333 1448 Iam
355 1410 417 1448 uno
441 1410 566 1449 numero
590 1391 775 1469 complector
797 1391 924 1462 formas,
949 1411 1029 1469 quae
1051 1412 1070 1449 a
1092 1391 1248 1450 radicibus

125 1494 203 1552 ἔελπ
233 1488 331 1567 (Curt.
360 1511 431 1568 pag.
461 1488 534 1566 238)
565 1499 596 1549 et
628 1494 679 1559 reg
715 1491 902 1550 derivantur.
952 1492 1052 1551 Versu
1082 1493 1143 1548 224
1177 1502 1249 1551 ante

127 1590 252 1668 ἔλπομαι
275 1601 320 1651 est
344 1610 471 1651 caesura
493 1590 645 1663 bucolica,
671 1611 732 1670 qua
754 1592 854 1650 hiatus
877 1595 950 1651 satis
974 1602 1135 1652 excusetur
1151 1590 1248 1668 (ante-

128 1694 209 1755 cedit
235 1688 439 1770 1οισιν6χενοι).
484 1692 587 1770 Atque
616 1714 684 1751 cum
713 1694 843 1753 formula
869 1690 986 1772 ι’ίργυροι
1014 1692 1132 1770 εἵματα,
1170 1715 1249 1773 quae

128 1805 173 1855 est
209 1818 238 1854 v.
273 1796 347 1864 250,
387 1804 579 1872 comparetur
616 1795 745 1854 formula
781 1795 935 1854 homerica
971 1792 1106 1872 οέμβροιοι
1145 1792 1250 1871 εἵματα

131 1895 162 1973 (η
186 1898 257 1956 265.
285 1915 308 1952 ω
331 1893 396 1970 59).

213 1997 244 2074 9)
267 1996 314 2069 Ιο,
346 1997 397 2074 qui
421 1997 590 2074 composuit
612 2017 732 2055 versum
755 1999 809 2070 92,
842 1997 894 2056 ubi
916 1998 1029 2076 legitur
1050 1996 1103 2054 καί
1123 2019 1152 2056 τε
1175 1997 1251 2058 ἰδών

127 2095 167 2175 μὴ
197 2093 287 2173 ἰδών,
322 2099 382 2156 iam
409 2098 618 2156 inconstantia
645 2118 700 2157 sua
728 2099 795 2177 ipso
823 2099 974 2177 prodidit,
1011 2100 1163 2177 digamma
1191 2099 1250 2160 sibi

129 2203 268 2279 ignotum
290 2199 396 2258 fuisse.
442 2198 503 2258 Sed
526 2219 556 2256 τε
579 2196 653 2257 ἰδών
675 2201 762 2258 novit
785 2221 823 2258 ex
836 2199 972 2259 Homero
997 2197 1037 2275 (e.
1054 2221 1098 2278 gr.
1117 2201 1145 2256 Δ
1160 2199 1247 2278 279).

130 2303 179 2360 De
208 2301 346 2359 formulis
374 2296 469 2375 μήδεο
497 2290 580 2370 οἶδας
611 2298 653 2377 (v.
677 2298 751 2377 456)
784 2309 813 2359 et
841 2291 875 2358 εὖ
903 2291 986 2370 οἶδας
1017 2298 1058 2376 (v.
1082 2300 1156 2378 467)
1187 2303 1249 2361 vid.

129 2425 200 2482 pag.
230 2405 259 2462 3.
306 2401 423 2461 Ceteris
451 2404 526 2462 locis
557 2403 709 2481 digamma
737 2403 911 2481 neglectum
939 2411 999 2478 est3
1029 2403 1142 2480 legitur
1170 2405 1251 2463 enim

128 2527 157 2564 v.
181 2506 241 2563 239
260 2496 421 2580 Ἑκάεργον
443 2500 532 2575 ἰδών,
563 2526 592 2561 v.
617 2505 677 2561 376
700 2499 736 2560 τὰ
758 2498 792 2560 δέ
814 2497 841 2559 ι’
866 2495 945 2579 οἶδε,
968 2527 997 2562 v.
1022 2506 1081 2564 382
1105 2498 1250 2591 ὀπίζομαι,

128 2595 234 2670 οἷσθα;
257 2627 287 2663 v.
304 2606 365 2663 535
388 2601 421 2661 τὸ
442 2601 498 2682 γὰρ
521 2595 591 2661 οἶδε.
637 2604 785 2664 Versibus
809 2606 880 2663 202.
906 2607 976 2664 263.
1001 2605 1072 2664 363.
1089 2607 1160 2665 369.
1178 2607 1249 2664 389.

130 2709 191 2766 493
214 2708 317 2766 littera
340 2708 524 2784 paragogica
548 2707 714 2765 antecedit.

216 2807 267 2883 10)
292 2808 419 2884 Legitur
447 2803 521 2863 κατὰ
551 2797 633 2862 οἷκον
655 2828 684 2864 v.
709 2809 762 2877 61,
794 2815 900 2865 contra
922 2800 988 2863 κατ’
1013 2797 1095 2864 οἶκον
1117 2831 1146 2866 v.
1171 2809 1248 2884 2853

130 2908 208 2967 illud
236 2909 318 2966 enim
346 2928 384 2968 ex
405 2909 540 2966 Homero
569 2915 675 2979 notum
704 2916 769 2964 erat
793 2904 845 2982 (cf.
870 2908 895 2962 Z
917 2909 967 2967 56.
991 2927 1006 2964 τ
1031 2911 1078 2967 18.
1103 2911 1153 2968 67.
1180 2911 1249 2969 195.

131 3012 204 3069 536.
221 3029 244 3066 ω
261 3006 346 3085 272).
383 3007 490 3066 Altero
513 3007 580 3065 loco
596 3007 758 3066 Koehnius
781 3009 916 3082 miratur,
941 3009 1024 3087 quod
1039 3011 1137 3083 „elisa
1152 3012 1251 3070 vocali

129 3112 216 3170 finali
236 3131 255 3165 οι
278 3110 515 3188 praepositionis
537 3104 612 3165 κοινά
635 3108 754 3188 syllaba
777 3131 839 3168 non
861 3111 1059 3188 producitur“
1078 3110 1161 3190 (pag.
1181 3111 1249 3187 NJ!

218 3209 269 3287 11)
292 3211 448 3288 Apollinis
478 3211 531 3270 illa
559 3211 696 3288 epitheta
725 3213 893 3288 praeterire
921 3213 1006 3284 licet,
1038 3233 1105 3270 cum
1133 3213 1251 3272 nullum

131 3315 261 3372 amissae
276 3312 397 3372 litterae
413 3313 577 3391 vestigium
592 3319 765 3390 compareat
781 3309 833 3388 (ol.
846 3334 896 3370 vv.
907 3314 977 3398 218.
992 3315 1148 3372 236464.
1163 3313 1249 3390 519).

215 3415 337 3486 Restat,
365 3423 399 3472 ut
423 3414 522 3474 dicam
545 3413 690 3503 formulas
713 3409 790 3487 φώιὶ
812 3408 914 3482 ἐοικώς
940 3411 1001 3488 (vv.
1027 3415 1097 3472 265.
1122 3414 1196 3489 977)
1222 3425 1252 3473 et

132 3512 217 3575 νυκτὶ
250 3511 352 3585 ἐοικώς
382 3512 424 3591 (v.
452 3514 525 3592 358)
562 3532 601 3576 ex
627 3515 761 3574 Homero
796 3524 930 3593 sumptas
959 3535 1040 3588 esse3
1076 3514 1252 3574 conferatur

18 3633 22 3638 '
132 3619 214 3679 enim
237 3618 266 3692 Γ
286 3618 356 3675 129.
380 3613 408 3678 Ξ
430 3618 489 3676 136
513 3627 543 3676 et
565 3617 595 3672 A
617 3617 668 3675 47.
691 3619 707 3674 t
730 3618 801 3677 606.
845 3617 925 3676 Nam
953 3617 986 3673 in
1008 3615 1157 3674 vocabulo
1181 3611 1251 3674 ἔκα-

132 3734 198 3790 σιος
221 3719 340 3778 nullum
362 3720 490 3778 amissae
509 3719 631 3777 litterae
653 3718 817 3796 vestigium
832 3718 1037 3795 conspicitur3
1057 3717 1097 3776 cf.
1112 3739 1162 3776 vv.
1181 3720 1250 3777 129.

77 3873 79 3876 ,
134 3822 205 3879 205.
230 3822 301 3880 313.
326 3821 398 3878 428.
422 3821 495 3877 431.

217 3921 284 3981 Iam
306 3941 345 3981 ex
367 3922 419 3994 eis,
448 3940 527 3999 quae
550 3919 651 3979 adhuc
674 3921 712 3979 de
733 3921 792 3979 hoo
813 3916 928 4000 h'ymno
952 3922 1088 3999 exposui,
1112 3922 1170 3982 hoc
1192 3924 1251 3980 nisi

135 4021 226 4080 fallor
253 4031 395 4102 apparet,
426 4042 466 4082 ne
495 4023 683 4100 antiquiores
712 4021 835 4101 quidem
863 4023 927 4081 eius
955 4030 1057 4101 partes
1086 4024 1166 4083 inter
1187 4043 1250 4082 car·
