2746 4642
711 162 754 226 34

178 354 269 414 huius
303 354 411 434 hymni
438 354 649 413 condicionem
677 354 742 412 sola
773 356 945 432 argumenti
977 354 1113 414 novitate
1143 353 1297 433 explicare

178 466 318 528 conetur,
350 476 459 516 vereor
485 475 525 514 ne
552 476 659 514 verum
680 476 743 512 nou
766 456 806 512 sit
832 452 1047 533 assecutus28).
1096 455 1168 514 Alia
1195 457 1298 534 potius

177 577 268 616 causa
292 566 346 616 est.
396 557 457 615 Hic
481 557 563 615 enim
590 556 723 634 hymnus
751 577 814 614 non
844 557 942 615 solum
964 558 1052 634 quasi
1079 565 1176 615 scatet
1202 559 1296 616 inter-

175 657 392 736 polationibus
409 658 464 717 sed
480 677 543 716 non
554 658 650 734 magis
663 676 754 733 quam
768 658 901 736 hymnus
916 659 948 716 in
960 657 1138 736 Apollinem
1149 658 1299 737 Pythium

115 835 121 845 ¹
175 781 270 818 unum
292 761 383 818 unius
406 768 517 837 poetae
540 778 662 817 carmen
684 767 738 816 cst.
777 758 848 835 Qua
870 761 903 817 in
919 781 951 819 re
968 781 1004 820 ea
1025 769 1145 819 tantum
1160 760 1295 831 afferam,

177 881 255 939 quac
278 863 369 921 certis
392 862 580 938 argumentis
604 859 806 918 demonstrari
829 863 957 938 possint.

262 959 293 1039 1)
322 962 515 1020 Elocutionis
545 961 627 1019 enim
657 961 716 1018 duo
751 982 865 1039 genera
898 964 931 1020 in
964 963 1022 1021 hoc
1054 963 1170 1042 hymno
1203 962 1296 1020 facile

92 1060 97 1068 “
176 1063 323 1141 distingui
346 1071 488 1140 possunt3
513 1081 593 1137 quae
610 1049 1098 1135 adeo”iiiter'''s‘e“diiers‘a'sunt,
1122 1073 1156 1122 ut
1179 1063 1217 1122 dc
1233 1084 1296 1122 una

174 1165 365 1242 singularum
378 1164 476 1224 huius
498 1164 606 1241 hymni
628 1165 760 1240 partium
783 1165 901 1242 origine
924 1186 992 1224 mea
1007 1165 1131 1242 quidem
1147 1165 1295 1242 opinione

175 1286 238 1324 non
267 1267 360 1325 liceat
389 1266 533 1343 cogitare.
584 1264 725 1324 Alterum
753 1286 849 1343 genus
873 1288 929 1344 cog
954 1288 1036 1326 aum
1059 1276 1104 1326 est
1130 1267 1292 1338 homerico,

175 1368 217 1426 alt
206 1375 305 1426 terum
332 1368 538 1444 maximopere
568 1367 702 1424 alienum
730 1376 776 1426 est
764 1366 842 1425 tab
866 1388 912 1426 eo
930 1276 1022 1452 ilem
1044 1369 1162 1455 certum
1165 1367 1294 1459 prioris

177 1470 299 1546 generis
329 1469 502 1566 eremplum
530 1488 566 1527 ea
601 1488 671 1546 pars
706 1478 785 1555 ιιι,
787 1489 879 1546 quae
908 1491 932 1535 a
953 1489 1054 1543 versu
1059 1448 1162 1539 184
1143 1469 1305 1546 pertinet
1307 1506 1342 1529 ,κ

164 1565 288 1661 ''usque
290 1559 356 1638 ad
356 1591 387 1630 ι
384 1556 473 1643 222.
454 1557 655 1628 Non
607 1564 686 1647 apte
701 1590 767 1629 carn
788 1571 952 1631 cohaerere
967 1591 1042 1649 quin
1064 1589 1204 1648 pugnare
1227 1589 1294 1628 cum

175 1673 232 1743 eis,
268 1691 348 1749 quae
381 1671 584 1757 antecedunt,
619 1691 702 1729 nune
733 1672 883 1748 aperiam:
919 1671 949 1748 1)
982 1671 1058 1730 Cum
1086 1671 1171 1729 nullo
1199 1671 1293 1730 verbo

174 1773 377 1850 significatum
405 1774 458 1845 sit,
488 1771 666 1850 Apollinem
695 1774 775 1830 furto
804 1763 926 1850 cognito
955 1774 1126 1850 profectum
1149 1791 1231 1844 esse,
1260 1780 1294 1831 ut

92 1922 99 1936 .
136 1885 153 1926 ι·
173 1874 267 1933 boves
290 1884 499 1951 recuperaret,
531 1874 693 1933 offensioni
718 1882 781 1945 est,
812 1875 895 1951 quod
923 1895 952 1932 v.
978 1875 1037 1933 185
1066 1874 1196 1950 legimus
1225 1893 1293 1932 eum

175 1973 364 2035 Onchestum
396 1977 528 2034 venisse.
583 1974 687 2053 Atque
719 1984 849 2052 augetur
883 1975 1025 2046 offensio,
1064 1975 1148 2053 quod
1181 1963 1293 2034 no'vum

175 2085 387 2154 argumentum
406 2078 438 2133 iu
460 2077 521 2134 fine
536 2096 642 2134 versus
659 2076 777 2134 orditur
793 2068 900 2153 (αὐτὰρ
920 2069 1099 2152 Ἀπόλλων),
1123 2076 1211 2153 quasi
1233 2077 1294 2135 iam

174 2187 266 2237 antea
283 2178 321 2237 de
336 2176 483 2255 Apolline
501 2178 614 2236 dictum
630 2187 719 2236 esset.
752 2175 782 2254 2)
799 2177 911 2235 Mirum
927 2187 986 2250 est,
1007 2177 1089 2255 quod
1105 2197 1169 2235 non
1185 2177 1293 2237 eodem

173 2280 263 2339 modo
292 2281 392 2358 ipsum
415 2280 492 2338 illud
514 2280 658 2339 Mercurii
685 2280 805 2339 facinus
828 2288 984 2355 narratur5
1014 2300 1086 2344 narn
1108 2301 1137 2337 v.
1163 2281 1225 2364 19O
1246 2298 1292 2358 sq.

172 2381 316 2459 legimus7
352 2402 456 2440 omnes
489 2382 583 2440 boves
611 2381 735 2440 abactas
764 2402 829 2440 esse
861 2390 983 2459 praeter
1016 2389 1151 2453 taurum,
1187 2389 1293 2440 contra

173 2503 202 2540 v.
228 2483 282 2554 74,
313 2483 498 2541 Mercurium
520 2483 745 2562 quinquaginta
768 2503 784 2541 c
807 2502 900 2559 grege
923 2481 1084 2560 delegisse.
1129 2480 1199 2557 Quo
1225 2482 1292 2542 loco

174 2583 266 2642 etiam
287 2583 345 2641 hoc
368 2584 499 2656 accedit,
524 2584 607 2661 quod
628 2583 723 2643 boves
739 2584 882 2642 dicuutur
906 2582 1058 2664 deorum
1079 2578 1290 2658 fuisse(v.171

173 2686 259 2741 θεοῖν
286 2680 430 2761 μακάρων
457 2681 557 2760 pagg
594 2685 694 2744 elucet
722 2685 804 2744 eninr
833 2705 871 2744 ex
898 2685 966 2744 aliis
997 2684 1086 2756 lociS,
1122 2704 1173 2744 eas
1201 2685 1292 2743 unius

172 2786 327 2864 Apollinis
350 2787 455 2845 fuisse.
492 2784 524 2862 3)
548 2786 723 2845 Difficultas
746 2787 897 2863 quaedam
919 2793 965 2844 est
987 2787 1019 2843 in
1042 2784 1148 2845 fabula
1164 2785 1203 2844 de
1217 2805 1291 2845 senc

174 2885 356 2959 Onchestio,
392 2908 471 2965 quae
504 2909 553 2946 vv.
588 2889 723 2946 90-94
757 2897 788 2946 et
822 2889 997 2946 187-212
1031 2895 1291 2946 commemoratur.
1328 2935 1331 2942 .

172 2988 392 3065 Exspectamus
422 2989 504 3046 enim
531 2989 700 3066 posteriore
727 2989 809 3059 loco,
838 2987 891 3047 ubi
919 2989 1102 3066 colloquium
1131 2997 1292 3047 enarratur

172 3089 310 3146 habiturn
338 3089 416 3147 illud
444 3089 568 3166 quidem
597 3091 678 3148 inter
700 3089 878 3168 Apollinem
901 3099 931 3149 et
952 3110 1058 3149 senem
1080 3088 1289 3164 Onchestum,

173 3189 276 3266 aliquo
299 3190 388 3248 modo
410 3190 518 3248 saltem
540 3190 685 3262 indicari,
709 3192 769 3248 iam
784 3191 968 3250 Mercurium
990 3192 1023 3249 in
1039 3191 1171 3250 eundem
1185 3211 1291 3251 senem
1357 3209 1364 3213 ·

172 3290 317 3348 incidisse
341 3299 433 3368 atque
456 3291 650 3371 interdixisse
674 3292 716 3362 ei,
741 3292 873 3369 nequid
895 3293 1049 3370 proderet.
1087 3292 1150 3352 Sed
1170 3300 1291 3353 tantum

173 3526 245 3574 enirn
264 3526 369 3574 omisit:
400 3516 541 3588 ὄστρακον
559 3529 600 3579 33.
618 3552 647 3561 -
669 3517 874 3592 ὑψιμέλαθρον
895 3530 952 3579 103.
976 3530 1033 3577 134.
1053 3530 1111 3581 399.
1134 3553 1166 3564 -
1191 3525 1290 3594 φωρῆς

173 3611 230 3660 136.
251 3637 282 3646 -
301 3608 477 3674 βουκολίοισι
495 3613 553 3662 288.
571 3637 604 3646 -
623 3605 785 3674 φιλοκυδέα
803 3613 862 3661 481.
881 3637 914 3647 -
932 3603 1103 3676 ἐμπελάσειν
1121 3614 1189 3662 523.-

240 3691 272 3757 28)
291 3693 324 3742 In
336 3695 452 3744 Hesiodi
465 3694 535 3760 Opp.
550 3700 576 3744 et
589 3697 623 3748 D.
648 3696 768 3744 Fietkau
782 3697 841 3744 iure
859 3696 932 3745 hanc
952 3711 1064 3745 causam
1077 3695 1181 3760 attulit,
1197 3696 1289 3760 „quod

173 3783 362 3841 argumentum
376 3779 446 3844 Opp.
459 3781 547 3843 magis
567 3780 663 3838 etiam,
684 3795 764 3842 quam
784 3782 811 3828 in
831 3781 932 3830 ceteris
952 3780 1126 3842 carminibus,
1147 3779 1182 3828 ah
1195 3780 1287 3830 homc-

104 3896 119 3909 ,
172 3863 230 3910 ιίοο
249 3860 365 3911 distat.“
401 3863 516 3913 Hesiodi
540 3865 611 3913 enim
630 3865 722 3929 Opera
741 3869 768 3912 et
786 3864 855 3914 Dies
878 3864 961 3914 simili
980 3865 1142 3913 condicione
1161 3868 1287 3926 utuntur3

172 3961 235 3994 nam
253 3948 282 3995 in
300 3949 349 3997 828
368 3949 493 3998 versibus
513 3949 655 3997 continent
672 3951 721 3999 278
740 3948 877 3999 voeabula
889 3946 943 3997 non
955 3948 1103 3998 homerica.
1127 3947 1160 3997 ln
1172 3954 1287 4013 utroque

171 4031 256 4093 igitur
279 4034 400 4085 carmine
424 4033 506 4082 tertio
529 4042 742 4096 quoque'versn
764 4032 873 4097 singula
896 4037 1042 4083 occurrunt
1065 4031 1105 4095 (in
1127 4032 1219 4096 hymn.
1238 4031 1287 4098 δὴ

171 4115 201 4162 a
219 4113 291 4178 Oru-
310 4113 381 4181 Mt)-
