2746 4642
615 169 763 268 „HM

128 360 304 417 conferatur
327 359 411 418 Curi..
427 383 497 439 pag.
515 363 586 419 265.
623 361 706 419 Illud
728 381 815 431 vero,
840 361 922 437 quod
944 361 1057 438 legitur
1078 382 1107 417 v.
1125 362 1163 418 67
1188 356 1246 434 ύφι
1309 426 1311 431 .

94 459 97 464 ’
127 456 199 534 μετὰ
225 455 378 533 νεφέεσσι,
406 464 626 520 conformatum
650 472 696 520 est
718 461 758 520 ad
786 461 893 520 horum
918 463 1053 521 locorum
1075 463 1245 540 exernplar:

131 562 245 619 ἶ14874
268 557 327 633 ὕψι
349 555 379 617 δ’
403 556 463 618 ὑπὸ
486 558 617 635 νεφέων,
642 563 668 616 Ρ
686 564 747 620 594
770 558 844 618 κατὰ
867 557 1012 636 νεφέεσσι,

211 663 276 719 Iam
299 684 337 720 ex
360 663 513 734 omnihus,
537 683 617 740 quae
637 665 778 741 exposui,
802 663 974 722 luculenter
989 673 1130 741 apparet,
1154 664 1245 724 huius

75 805 77 808 ψ
127 765 234 842 hymni
257 773 395 822 auctores
417 765 505 841 quasi
527 763 682 823 habitasse
704 766 737 822 in
759 764 904 823 Homero.
942 763 1035 822 Unde
1057 765 1145 823 simul
1168 767 1245 825 illud

126 865 331 942 intellegitur,
361 864 444 941 quod
471 865 536 923 fere
558 864 637 922 nihil
664 865 821 923 invenitur
850 866 883 921 in
910 864 968 923 hoe
996 864 1125 943 hymno,
1161 868 1244 944 quod

126 986 248 1042 prorsus
271 965 434 1024 abhorreat
456 987 475 1023 a
497 965 720 1024 consuetudine
742 966 905 1024 homerica.
942 965 1102 1043 Leguutur
1119 967 1244 1044 quidem

128 1067 206 1124 duae
235 1067 331 1124 dativi
364 1067 479 1124 formae
501 1062 544 1143 [in
572 1087 620 1135 αις
649 1066 840 1125 desinentes:
875 1068 963 1135 θεαῖς
990 1089 1019 1124 v.
1051 1069 1111 1126 190
1139 1079 1169 1126 et
1194 1059 1243 1138 αἷς

126 1190 154 1224 u.
172 1168 243 1225 249.
282 1166 344 1224 Sed
367 1187 383 1224 e
405 1166 523 1224 duobus
546 1167 606 1225 illis
622 1167 771 1225 eiusmodi
793 1167 914 1250 formiS,
938 1186 1018 1246 quae
1033 1168 1116 1247 apud
1131 1169 1242 1228 Home-

126 1289 192 1326 rum
208 1269 422 1339 inveniuntur,
447 1269 544 1326 altera
558 1267 640 1326 idem
655 1267 733 1326 illud
741 1263 836 1336 ’θεαῖς
852 1278 898 1327 est
914 1265 940 1343 (ε
965 1267 1052 1345 119);
1076 1259 1125 1338 αἷς
1143 1279 1244 1329 autom

126 1368 209 1446 apud
231 1368 402 1426 Hesiodum
423 1369 536 1445 legitur
559 1364 690 1446 (Theeg.
715 1367 805 1444 215),
829 1370 882 1446 qui
905 1370 1029 1427 omnino
1052 1372 1173 1448 saepius
1195 1371 1243 1429 his

125 1471 229 1527 formis
251 1490 323 1527 usus
346 1479 404 1540 est,
434 1478 468 1527 ut
496 1469 630 1527 ostendit
652 1469 910 1528 Foerstemannus
934 1469 996 1546 (De
1019 1470 1091 1528 diel.
1114 1469 1242 1530 Hesiod.

125 1571 197 1630 Hal.
215 1569 320 1646 1863).
357 1570 469 1628 Forma
483 1565 573 1638 καλός
589 1589 711 1647 quoque
726 1581 866 1649 correpta
888 1573 989 1649 priore
1004 1570 1139 1650 syllaba,
1164 1593 1242 1650 quae

126 1682 171 1730 est
198 1694 229 1728 v.
254 1673 303 1728 29.
328 1673 404 1743 261,
434 1673 493 1729 iam
520 1671 603 1747 apud
625 1670 795 1729 Hesiodum
824 1673 980 1731 invenitur
1009 1670 1061 1747 (ef.
1086 1671 1167 1751 Opp.
1192 1677 1241 1732 63.

125 1774 243 1851 Tlreog.
268 1770 354 1848 585).
397 1773 435 1829 V.
459 1771 519 1829 262
541 1772 655 1848 legitur
676 1768 726 1828 παὶ
747 1767 893 1842 εύσκοπος
912 1767 1136 1849 Ἀρμειφόντης;
1159 1775 1242 1852 apud
1288 1754 1291 1761 ³

124 1875 291 1932 Homerum
312 1894 432 1951 semper
454 1867 600 1940 ἐύσκοπος
624 1871 735 1930 dieitur
757 1868 809 1947 (es.
826 1872 857 1929 Ω
874 1873 923 1931 24.
945 1875 1015 1933 109.
1032 1894 1051 1929 α
1067 1875 1117 1932 38.
1133 1894 1152 1949 η
1170 1877 1240 1933 137.

125 1977 140 2030 λ
165 1972 250 2050 198).

410 2204 450 2268 V.
481 2204 534 2269 lle
556 2203 688 2283 hymno
710 2204 749 2268 in
772 2205 949 2269 Cererem.

208 2380 267 2438 Hic
295 2381 426 2458 hymnus
454 2378 677 2455 quodammodo
706 2379 738 2435 in
767 2397 804 2436 ea
827 2399 858 2436 re
881 2398 949 2435 eum
971 2379 1061 2436 tertie
1085 2383 1238 2452 convenit,

125 2481 207 2558 quod
229 2502 291 2539 non
314 2482 439 2539 nimiam
460 2480 545 2538 illam
559 2479 686 2549 Homeri
709 2480 908 2537 imitationem
931 2499 1059 2556 praese
1083 2481 1152 2540 fert.
1190 2483 1239 2542 De

125 2584 261 2641 versibus
284 2584 365 2640 enim
380 2582 441 2639 495
459 2589 542 2640 eote
565 2589 684 2639 tentum
700 2580 814 2640 eisdem
830 2581 894 2639 sere
910 2579 1010 2639 verbis
1027 2581 1110 2659 apud
1125 2582 1236 2644 Homo-

127 2705 192 2742 rum
215 2693 345 2743 exstant.

210 2784 240 2862 1)
264 2785 330 2843 Hos
352 2785 482 2862 primum
504 2784 628 2861 quidem
650 2782 759 2842 affero:

207 2885 260 2963 45)
284 2881 394 2962 ἤθελεν
421 2881 489 2942 ούτε
515 2887 599 2943 θεῶν
627 2879 694 2941 ούτε
721 2886 845 2959 θνητῶν
866 2877 1040 2962 ἀνθρώπων
1061 2910 1103 2936 =
1125 2886 1154 2942 Σ
1174 2887 1237 2944 494

126 2984 250 3067 (ᾔδεεν).

207 3087 260 3165 48)
284 3081 432 3165 στρωφᾶτ’
454 3082 618 3163 αἰθομένας
639 3085 747 3156 δαΐδας
761 3082 832 3161 μετδι
849 3083 948 3165 χερσὶν
963 3081 1070 3162 ἔχουσα
1085 3112 1127 3138 =
1141 3108 1160 3164 η
1179 3091 1235 3148 101

125 3185 288 3266 (ἕστασαν).
410 3239 418 3247 .

208 3289 260 3368 61)
284 3315 327 3340 =
348 3291 399 3349 48.

209 3391 281 3470 112)
304 3386 398 3469 αγχοῦ
419 3385 449 3448 δ’
474 3387 626 3466 ἱστάμεναι
642 3385 711 3448 ἔπεα
727 3386 885 3466 πτερόεντα
900 3387 1081 3468 προσηύδων
1095 3416 1136 3444 z:
1153 3393 1181 3448 Δ
1197 3395 1235 3452 92

123 3494 174 3551 all.
197 3495 229 3552 ll.
255 3491 371 3572 (sing.).

209 3595 281 3672 186)
305 3585 378 3670 ἧστο
404 3590 484 3670 παρὰ
513 3590 650 3668 σταθμὸν
678 3588 773 3677 τέγεος
800 3589 882 3650 πύκα
904 3593 1036 3666 ποιητοῖο
1057 3616 1099 3642 =
1121 3613 1140 3649 α
1164 3595 1235 3654 333.

123 3698 146 3750 e
168 3697 240 3754 458.
263 3714 285 3751 π
307 3697 379 3755 415.
403 3710 421 3751 0¹
444 3697 515 3754 νον,
539 3715 562 3769 φ
585 3695 624 3752 οι
648 3691 715 3770 (σιμ
737 3691 798 3771 μ).
848 3691 850 3696 ’

208 3795 281 3873 247)
304 3795 357 3853 καί
376 3791 406 3874 ῤ’
430 3789 633 3873 ὀλοφυρομένη
655 3790 726 3853 ἔπεα
741 3791 898 3872 πτερόεντα
913 3790 1069 3871 προσηύδα
1084 3817 1126 3844 =
1141 3794 1171 3850 Σ
1185 3795 1234 3852 72.

123 3898 141 3972 β
165 3900 225 3955 362
249 3898 301 3956 au.
324 3899 357 3956 ιι.

207 3997 281 4074 320)
303 3995 356 4054 καί
374 4019 426 4073 μιν
447 3991 604 4076 φωνήσασ’
629 3993 699 4058 ἔπεα
720 3994 878 4075 πτερόεντα
892 3990 1047 4074 προσηύδα
1061 4019 1104 4048 --
1120 3998 1147 4053 Δ
1162 3998 1233 4057 284.

124 4098 149 4154 Ο
172 4100 222 4157 35.
246 4101 297 4158 89,
322 4099 392 4158 145.
