2746 4642
616 192 766 287 ἐζ,

130 383 209 440 duae
238 383 468 460 antiquissimae
497 382 659 454 formulae,
691 393 775 443 ortae
802 386 873 445 illac
896 387 1020 463 quidem
1043 407 1078 444 eo
1102 396 1246 465 tempore,

130 505 190 562 quo
220 484 371 562 digamma
398 485 489 544 etiam
516 485 788 562 pronuntiabatur:
819 487 877 546 hae
907 489 1001 565 igitur
1023 489 1089 546 inre
1111 489 1155 546 sic
1177 491 1248 547 seri-

129 585 258 644 buntur:
287 584 400 666 ἰδυίῃσι
428 583 642 664 πραπίδεσσιν,
671 581 809 663 ἀμύμονα
832 584 901 666 ἔργα
924 587 1015 647 ἰδυῖα.
1060 589 1106 647 Ac
1127 591 1249 649 videtur

131 687 258 745 alieuius
280 690 426 746 momenti
448 708 523 760 esse,
547 688 630 766 quod
652 691 782 748 maxime
804 691 836 748 iu
852 690 952 749 Iliade
974 691 1120 768 leguntur
1143 678 1248 766 (priort

131 789 161 843 A
177 789 249 846 608.
265 789 295 843 Σ
308 790 379 847 380.
396 789 468 869 482.
489 790 576 862 1³12,
593 791 758 867 posterior:
776 791 795 846 I
811 792 880 850 128.
898 793 968 850 270.
988 793 1014 847 T
1026 793 1097 849 245.
1117 793 1147 847 Ψ
1164 788 1249 867 263).

130 890 196 948 lam
218 897 336 948 restant
358 891 390 947 in
405 889 505 948 Iliade
529 890 589 947 duo
611 891 685 965 loci3
711 891 789 951 alter
811 901 856 950 est
879 893 944 962 1³5,
968 891 1021 950 ubi
1043 890 1142 950 aldoin
1165 893 1249 951 nullo

131 990 221 1049 modo
245 991 359 1068 expelli
381 1011 470 1069 posse
492 1011 584 1069 supra
606 991 751 1066 vidimus3
782 993 860 1050 alter
880 1014 953 1051 vero
977 1002 1023 1051 est
1044 994 1074 1048 A
1097 995 1174 1065 365,
1198 992 1250 1050 ubi

132 1099 225 1149 ταῦτα
253 1089 335 1172 ἰδυίῃ
363 1100 519 1170 praestare
549 1091 693 1164 diximus,
723 1113 763 1151 nc
788 1093 873 1151 elisio
897 1102 977 1152 esset
999 1102 1071 1152 ante
1094 1115 1250 1152 caesuram

132 1194 389 1271 semiquinariam.
432 1193 579 1252 Attamen
606 1194 687 1252 hanc
709 1194 844 1252 Behkeri
872 1196 971 1272 legem
993 1204 1075 1253 certe
1098 1216 1161 1252 non
1185 1195 1250 1252 ubi-

134 1316 193 1373 que
221 1296 339 1366 valere‚
370 1295 508 1353 videmus
536 1294 583 1352 his
613 1294 749 1353 eiusdem
777 1294 847 1353 libri
876 1295 1028 1355 versibus:
1059 1297 1118 1354 128
1147 1299 1253 1375 τριπλῇ

134 1399 277 1476 τετραπλῇ
306 1389 333 1451 τ’
355 1390 369 1476 ll
389 1391 584 1471 ἀποιίσομεν,
616 1397 675 1454 156
704 1393 820 1473 καρπὸν
849 1391 1026 1472 ἐδηλήσαντ’
1048 1392 1061 1477 ΙΙ
1084 1393 1161 1472 ἐπεί,
1192 1399 1252 1455 164

136 1494 247 1575 Τρώων
274 1490 438 1575 ἕκπίρσωσ’
460 1491 473 1577 Η
495 1494 545 1571 td,
576 1499 635 1555 166
664 1501 758 1573 χεῖρες
787 1494 853 1573 ἕμαί
880 1492 1016 1556 διίπουσ’
1039 1492 1052 1578 ll
1073 1491 1164 1575 ἆτσίρ,
1194 1508 1251 1556 etc.

133 1601 243 1678 Itaque
270 1599 327 1658 hoc
356 1619 477 1677 quoque
503 1600 569 1657 loco
592 1599 666 1656 mibi
689 1609 771 1658 certe
795 1599 935 1659 dubitare
957 1601 1062 1672 liceat,
1093 1621 1166 1658 num
1188 1621 1250 1658 um-

134 1723 225 1780 quam
249 1701 362 1759 dictum
384 1702 423 1758 sit
445 1697 537 1780 ἰδυίῃ.
581 1700 708 1758 Minime
730 1721 802 1759 vero
833 1701 954 1774 dubito,
985 1704 1059 1779 quin
1083 1723 1119 1760 ea
1142 1711 1251 1772 aetate,

123 1794 196 1882 qua
219 1803 371 1881 digamma
394 1810 575 1873 evanuerat,
604 1801 792 1861 Homeridae
816 1811 846 1861 et
867 1803 1061 1861 Homeristae
1082 1802 1253 1862 breviorem

135 1907 262 1964 formam
284 1905 344 1962 nisi
365 1905 398 1961 in
421 1904 555 1980 antiquis
578 1903 637 1961 illis
660 1904 798 1962 formulis
820 1925 884 1961 nou
906 1905 1131 1982 usurpaverint.
1168 1904 1251 1980 Quin

135 2009 195 2066 iam
217 2014 264 2064 sat
286 2006 412 2082 antiquo
434 2014 570 2082 tempore
593 2006 624 2061 in
647 2005 743 2063 altera
759 2005 889 2062 formula
907 1998 1056 2080 (ἇμύμονα
1072 2001 1141 2082 ἔργα
1157 2002 1251 2081 ἰδυῖα)

27 2130 32 2135 ·
135 2109 306 2187 pleniorem
327 2107 454 2163 formam
476 2103 670 2166 substitutam
693 2125 759 2164 esse
782 2106 935 2177 existimo,
961 2127 1027 2165 cum
1049 2105 1255 2165 Alexandrini

137 2231 204 2267 eam
224 2227 347 2286 prorsus
362 2208 519 2284 ignorasse
533 2201 753 2282 videantur.²⁴)
800 2205 985 2266 Conferatur
1006 2217 1166 2287 praeterea
1188 2229 1253 2267 ver-

137 2332 187 2369 sus
215 2311 267 2369 ille
295 2330 333 2368 ex
361 2304 489 2365 Νόστων
516 2309 649 2367 carmine
677 2317 829 2381 servatus,
860 2329 950 2386 quem
977 2310 1138 2369 Bekkerus
1167 2310 1255 2368 affert

138 2412 230 2489 (hom
252 2412 301 2469 Bl.
324 2431 395 2489 pag.
412 2410 494 2468 941.
512 2407 565 2486 25)
589 2415 682 2486 γῆρας
705 2403 871 2481 ἀποξύσασ’
896 2408 1024 2490 εἰδυίῃσι
1046 2408 1252 2487 πραπίδεσσιν.

137 2516 187 2574 Ex
209 2513 311 2573 Schol
336 2510 416 2588 (eod
432 2510 526 2588 Ven)
551 2513 590 2570 ad
613 2514 642 2568 A
666 2514 726 2609 608
749 2509 893 2589 γράφεται
914 2506 1015 2641 πνίρσ’
1040 2510 1168 2592 εἰδυίρσι
1191 2535 1252 2572 eer-

138 2627 202 2675 tum
224 2615 369 2674 iudicium
390 2614 456 2672 fieri
477 2634 539 2672 nou
563 2623 616 2692 pot
618 2623 673 2673 est.

223 2717 351 2775 Prorsus
374 2724 426 2773 aut
429 2736 484 2787 em,
508 2725 542 2773 ut
564 2716 603 2774 ad
626 2716 756 2795 hymnos
780 2726 923 2788 revertar,
947 2717 1152 2776 Hoffmannus
1175 2737 1254 2775 erra·

139 2822 197 2892 vit,
228 2840 295 2878 cum
312 2818 355 2876 in
381 2817 504 2896 hymnis
532 2817 624 2876 etiarn
650 2813 742 2874 κεδνὰ
771 2815 855 2875 ἰδυῖα
877 2818 1073 2877 scribendum
1095 2839 1161 2877 csse
1184 2840 1253 2877 oon-

207 3052 240 3117 ²⁴)
260 3054 289 3103 si
312 3053 526 3102 demonstratum
548 3066 602 3100 non
622 3054 708 3114 esset,
734 3046 833 3101 εἰδυῖα
851 3053 906 3102 iam
924 3055 1115 3118 antiquissimo
1134 3059 1256 3117 tempore

140 3143 169 3190 in
191 3156 242 3189 usu
264 3139 364 3200 fuisse,
389 3137 518 3186 dixissem
540 3137 591 3186 has
610 3137 749 3198 Odysseae
775 3137 905 3187 formulas
928 3130 1017 3189 κεδνὰ
1043 3135 1127 3189 ἰδυῖα
1150 3138 1180 3200 (α
1198 3124 1259 3188 468.

141 3244 156 3275 ι
174 3225 232 3275 aas.
256 3241 274 3272 v
291 3225 332 3274 ιι,
356 3229 379 3286 ψ
400 3223 456 3270 rsa.
476 3221 550 3284 ala),
575 3212 663 3287 ιυγρδ
687 3217 771 3271 team
791 3218 817 3283 (ι
834 3223 909 3284 aaa),
932 3216 1029 3273 aava
1048 3219 1131 3273 ἰδυῖα
1150 3222 1177 3284 (ν
1195 3221 1256 3284 nr)

142 3310 327 3359 conformatas
351 3322 411 3356 esse
437 3306 470 3355 ad
493 3307 631 3370 exemplar
650 3307 856 3370 antiquissimae
875 3307 950 3357 illius
970 3307 1102 3358 formulae
1122 3296 1269 3371 ἀμύμονα,

143 3389 212 3459 ἔργα
236 3388 334 3453 ἰδυῖα,
358 3406 428 3455 quac
452 3392 481 3440 in
505 3391 629 3455 Odyssea
651 3390 752 3454 legitur
776 3408 797 3439 ω
819 3394 877 3440 278.
917 3393 1033 3456 Legitur
1055 3393 1139 3441 etiam
1162 3382 1256 3455 ἀγλαοὶ

143 3467 197 3543 ἔργ’
218 3472 319 3527 εἰδυῖα
337 3491 353 3524 ν
370 3477 429 3526 289.
448 3491 462 3524 ο
481 3477 538 3525 418.
557 3490 577 3524 π
597 3476 653 3526 158.
688 3475 724 3523 At
745 3490 835 3523 nonne
856 3476 1085 3525 verisimillimum
1104 3481 1158 3535 est,
1181 3476 1256 3539 ipsos

142 3561 316 3626 Homeridas,
338 3576 398 3610 eum
417 3576 469 3609 nec
488 3560 580 3608 hiatus
599 3574 681 3609 causa
701 3561 740 3608 cis
758 3565 867 3624 pateret
880 3560 977 3610 atalia
990 3561 1078 3610 forma
1091 3562 1256 3626 inpromptu

143 3652 228 3706 esset,
253 3661 307 3711 qua
330 3645 405 3694 illius
429 3644 583 3694 molestiam
607 3646 758 3707 evitarent,
782 3645 826 3695 vel
846 3647 1053 3710 antiquissimas
1072 3646 1203 3696 formulas
1223 3646 1257 3694 ad

143 3749 209 3783 suae
233 3731 336 3780 aetatis
359 3729 526 3795 linguaeque
551 3730 774 3779 consuetudinem
800 3732 968 3781 correxisse?
1002 3731 1083 3780 Illam
1103 3731 1256 3794 formulam,

144 3813 255 3884 ἰδυίῃσι
272 3813 455 3881 πραπίδεσσι,
476 3815 573 3876 eximo,
593 3830 656 3864 nam
675 3814 809 3878 singulari
828 3817 987 3865 condicione
1000 3818 1094 3878 utitur,
1114 3832 1175 3866 cum
1188 3833 1257 3866 sem·

143 3917 192 3966 per
209 3916 326 3951 caesura
344 3901 492 3950 antecedat
509 3915 622 3950 necesse
641 3901 693 3964 sit,
713 3905 740 3950 et
757 3901 921 3951 vocabulum
940 3903 1108 3952 antecedens
1126 3919 1181 3953 non
1199 3908 1257 3952 arte

145 4001 205 4035 cum
226 3985 275 4034 illo
294 3987 443 4051 participio
453 3985 623 4045 *cohaeream
647 3986 769 4047 accedit,
794 3986 864 4050 quod
882 3987 933 4036 hoc
950 4002 1060 4052 prorsus
1078 3988 1106 4036 in
1125 3988 1257 4038 adiectivi

76 4056 83 4069 ’
144 4075 271 4119 naturam
291 4071 393 4120 abiisse
412 4069 529 4120 videtur.
561 4070 649 4130 Quam
668 4070 785 4119 maximo
805 4074 896 4120 autem
914 4072 1036 4137 improbo
1056 4073 1258 4137 quodFaesius

145 4159 173 4204 et
190 4154 326 4204 Ameisius
344 4155 372 4203 in
391 4154 516 4218 Odyssea
535 4147 603 4220 ἔργα
621 4149 706 4206 ἰδυῖα
725 4158 754 4203 et
771 4154 857 4203 simin.
877 4156 1054 4220 scripserunt.
