2746 4642
154 424 295 484 Bentleio
319 427 473 504 cognitum
497 436 552 485 est.
582 429 676 486 Miror
697 438 802 487 tamen
826 427 976 504 equidem,
1001 429 1083 506 quod
1104 438 1166 488 tam
1181 432 1272 507 pauci

154 548 257 586 veram
272 529 362 587 huius
378 529 499 587 litterae
515 529 728 587 condicionem
744 529 966 606 perspexerint.
1004 529 1084 587 Nam
1099 531 1173 588 inde
1190 532 1272 608 quod

153 631 255 687 multis
278 631 404 688 Homeri
430 631 505 688 locis
534 633 598 688 eius
621 631 667 688 vis
697 632 820 688 omuino
844 638 889 687 est
912 631 1067 706 neglecta,
1098 652 1192 690 unum
1215 632 1273 689 hoc
1327 659 1330 663 ’

135 726 200 789 ’θεῖ
223 730 481 802 concludendum,
511 733 571 789 iam
593 732 748 790 homerica
770 739 871 789 aetate
895 731 1047 807 digamma
1067 739 1187 790 tantum
1210 754 1272 790 non

155 853 278 909 prorsus
302 834 472 890 evanuisse.
519 833 611 909 Quod
634 835 747 910 primus
771 833 881 902 docuit,
907 833 1008 909 quoad
1031 834 1108 905 scio,
1134 833 1172 891 G.
1198 832 1271 891 (lur-

154 928 247 1009 tius2)
280 942 400 1010 etpost
428 955 497 991 eum
519 934 643 992 uberius
673 935 814 1011 exposuit
836 933 874 991 A.
898 927 1079 1010 Leslrien.³)
1125 933 1272 993 Attamen

153 1035 203 1092 hic
226 1055 347 1124 quoque
370 1056 465 1093 unum
488 1037 596 1106 omisit,
621 1037 703 1113 quod
724 1035 808 1093 haud
831 1037 891 1092 scio
915 1056 954 1092 an
978 1036 1075 1093 lucem
1099 1036 1206 1094 afferat
1228 1037 1273 1093 illi

156 1137 392 1207 inconstantiae,
417 1156 478 1217 qua
500 1138 630 1214 saepius
646 1138 678 1194 in
702 1137 810 1195 eodem
833 1138 966 1194 carmine
989 1136 1039 1194 vel
1062 1137 1198 1194 eiusdem
1220 1158 1271 1195 vo-

124 1290 125 1293 ,
157 1239 198 1295 cis
223 1237 374 1314 digamma
401 1246 465 1294 tum
487 1247 640 1296 servatum
666 1247 730 1296 tum
753 1239 926 1316 neglectum
954 1238 1101 1296 videmus.
1148 1237 1273 1314 Quanta

156 1340 237 1395 enim
260 1338 343 1415 apud
365 1338 532 1397 Homerum
556 1349 601 1397 est
624 1340 787 1398 formarum
809 1341 951 1411 varietas,
975 1348 1062 1397 tanta
1085 1340 1117 1395 in
1141 1359 1176 1396 eo
1201 1360 1271 1396 con-

154 1441 281 1517 spicitur
303 1441 477 1499 constantia
500 1441 759 1517 formularum.
803 1441 869 1498 Iam
892 1461 982 1518 qnam
1004 1442 1133 1498 maxime
1157 1462 1271 1499 errare-

155 1562 235 1612 mus,
260 1543 285 1599 si
308 1550 423 1599 certum
445 1542 600 1619 quendam
621 1542 735 1612 locum,
766 1561 825 1618 quo
848 1543 897 1599 vel
921 1543 1017 1618 primo
1041 1542 1189 1599 eiusmodi
1212 1544 1271 1599 for-

154 1643 236 1700 mula
259 1652 448 1720 compareret
469 1644 520 1701 vel
542 1652 664 1720 praeter
687 1651 803 1701 ceteros
832 1644 989 1720 aptissima
1017 1662 1082 1700 esse
1105 1644 1270 1714 videretur,

155 1745 242 1822 quasi
265 1744 421 1821 exemplar
436 1745 530 1802 fuisse
554 1746 803 1814 existimaremus
828 1745 908 1821 quod
934 1745 985 1803 alii
1002 1752 1112 1820 poetae
1127 1745 1272 1801 homerici

154 1847 264 1903 iterum
286 1847 456 1924 iterumque
485 1848 715 1923 expressissent.
758 1846 841 1903 Illud
863 1847 969 1929 potius
998 1854 1044 1903 est
1065 1846 1269 1916 statuendum,

156 1968 260 2005 omnes
284 1948 351 2005 illas
374 1949 535 2019 formulas,
561 1967 690 2024 quarum
711 1966 899 2024 unoquoque
921 1947 986 2004 fere
1008 1967 1112 2017 versu,
1137 1948 1162 2004 si
1185 1968 1271 2004 accu-

154 2050 248 2107 ratius
278 2050 471 2127 inquirimus,
501 2069 595 2106 unam
623 2047 805 2124 detegimus,
837 2068 853 2104 e
881 2049 1033 2105 communi
1061 2049 1146 2105 fonte
1175 2068 1273 2125 eoque

32 2172 40 2183 ·
90 2219 95 2224 ι
155 2151 366 2227 antiquissimo
401 2151 507 2227 epicae
540 2149 698 2206 cuiusdam
725 2148 1117 2206 consuetudinis-dicendi
1150 2149 1272 2207 fluxisse

155 2261 246 2328 atque
276 2252 459 2330 antiquitate
486 2271 631 2327 superare
661 2251 753 2307 etiam
774 2251 850 2307 haec
879 2251 1015 2308 carmina
1036 2250 1192 2308 homerica
1220 2260 1272 2308 aut

154 2361 236 2410 certe
258 2353 339 2410 hanc
361 2373 466 2411 eorum
482 2353 617 2423 formam,
642 2371 703 2428 qua
722 2351 833 2409 litteris
856 2353 1013 2409 commissa
1035 2370 1132 2427 usque
1155 2351 1195 2409 ad
1218 2373 1271 2408 no-

154 2465 246 2513 stram
269 2464 400 2512 aetatem
422 2461 640 2531 pervenerunt.
671 2452 741 2528 Qua
764 2453 797 2509 in
812 2474 844 2510 re
868 2454 970 2511 nullus
992 2453 1105 2524 dubito,
1131 2472 1271 2529 quorum-

154 2555 229 2636 lihet
250 2556 468 2614 vocabulorum
490 2556 691 2632 copulationi,
722 2575 800 2632 quae
823 2557 911 2612 metri
933 2556 1055 2612 viuculo
1079 2557 1166 2632 quasi
1189 2555 1271 2612 colli-

155 2666 226 2734 gata
240 2659 361 2734 saepius
378 2656 461 2733 apud
475 2656 643 2714 Homerum
659 2665 820 2714 occurrunt
837 2657 984 2715 formulae
1000 2677 1111 2714 nomen
1127 2655 1271 2715 tribuere.

153 2758 263 2836 Itaque
291 2779 359 2815 mea
387 2757 511 2834 quidem
539 2759 686 2835 opinione
715 2759 795 2815 inter
818 2759 961 2815 formulas
989 2757 1181 2815 numeranda
1201 2767 1273 2815 sunt

155 2880 217 2917 non
245 2860 355 2917 solum¹
372 2880 422 2930 ea,
457 2880 536 2937 quae
566 2860 657 2918 etiam
686 2861 858 2917 sententiae
888 2859 1009 2915 vinculo
1039 2860 1134 2915 artius
1163 2859 1270 2916 cohae-

154 2970 243 3019 reant
267 2958 314 3037 (ut
335 2961 392 3018 toti
414 2980 520 3019 versus
542 2953 607 3017 ἀλλ’
623 2956 678 3036 c’c'ye
700 2979 749 3034 μοι
771 2953 836 3015 τόδε
859 2954 921 3015 εἰπὲ
944 2955 993 3014 καὶ
1014 2952 1157 3034 ἀτρεκέως
1180 2956 1271 3015 κατά-

154 3062 251 3135 λεξον,
288 3062 338 3120 vel
365 3062 557 3120 hemistichia
585 3050 644 3118 aits
673 3057 706 3117 δέ
734 3081 777 3129 τις
806 3056 939 3133 εἴπεσκε,
971 3053 1041 3136 ὄφρ’
1077 3050 1112 3119 εὗ
1141 3057 1216 3117 εἴπω
1240 3071 1270 3118 et

154 3167 260 3237 simin,
284 3165 335 3222 vel
350 3163 505 3221 breviores
528 3184 671 3221 versuum
693 3172 795 3240 partes
818 3151 853 3218 erl
868 3154 965 3236 εἰδώς,
988 3156 1172 3237 ὀφθαλμοῖσι
1187 3156 1270 3234 ἰδών,

155 3261 199 3320 ἔνι
220 3263 300 3322 citata
322 3263 447 3340 ναίων),
480 3265 535 3322 sed
563 3266 654 3322 etiam
682 3285 733 3335 ea,
762 3265 843 3322 inter
870 3284 949 3341 quae
978 3264 1055 3322 alius
1084 3284 1180 3322 nexus
1208 3284 1271 3321 non

155 3367 341 3437 intercedat,
372 3367 432 3422 nisi
460 3365 542 3442 quod
565 3366 699 3423 membra
721 3374 792 3423 sunt
820 3365 956 3424 eiusdem
979 3363 1176 3441 enuntiatil).
1221 3366 1272 3424 Sic

155 3489 206 3525 eas
228 3488 332 3539 voces,
362 3487 490 3543 quarum
513 3467 629 3542 priores
656 3466 794 3544 syllabae
822 3466 951 3524 iambico
974 3476 1069 3523 metro
1092 3475 1220 3523 utuntur
1242 3476 1272 3524 et

154 3653 356 3661 ἡ*

222 3770 243 3835 ²)
264 3769 428 3835 Grundaiige
447 3772 471 3821 2.
485 3769 554 3819 auu.
574 3785 636 3834 pag.
650 3771 699 3819 491
713 3784 752 3833 sq.

223 3856 243 3920 ³)
262 3856 408 3905 Rationem
427 3869 508 3918 quam
525 3857 547 3904 l.
567 3854 679 3904 Bekker
701 3856 730 3902 in
754 3853 922 3902 restituendo
942 3853 1080 3918 digammo
1099 3859 1211 3903 secutus
1230 3862 1272 3904 est

156 3941 326 3989 examinavit
343 3941 391 3988 Dr.
410 3940 445 3990 A.
464 3939 599 4001 Leskien,
620 3939 696 4003 Lips.
718 3938 878 3988 Brockhaus
897 3940 970 3988 1866.

222 4023 244 4087 ⁴)
264 4025 407 4073 Subtiliter
430 4026 457 4073 iu
480 4025 624 4074 verborum
649 4023 858 4072 collocationem
885 4023 1053 4072 homericam
1076 4025 1220 4088 inquisivit
1237 4024 1269 4071 F.

156 4111 274 4159 Schnorr
287 4109 319 4157 de
336 4109 492 4158 Carolsfeld
512 4109 683 4172 „Verborum
702 4108 850 4158 collocatio
865 4107 1004 4157 homerica
1024 4125 1091 4172 quas
1109 4107 1270 4175 habeatle-

156 4210 204 4261 ges
224 4200 252 4244 et
270 4209 326 4257 qua
344 4199 440 4243 utatur.
455 4192 621 4255 libertate“‚
640 4192 764 4242 Berolin'i
783 4191 838 4258 (ap.
858 4193 989 4258 Oalvary)
1010 4195 1084 4244 1864.
