2746 4642
643 196 681 258 οι
720 170 723 174 ’

104 391 172 448 nius
201 410 240 448 ex
267 411 296 447 v.
321 391 359 448 79
390 385 496 465 (Φοῖβε
516 383 606 464 ἅναξ)
638 396 668 446 et
691 389 731 446 90
761 383 838 464 (ἐσσὶ
864 383 954 472 ἅναξ)
984 388 1074 446 huius
1101 389 1223 448 litterae

103 512 190 551 usum
218 491 427 550 demonstrare
456 498 592 549 conatur.
637 482 721 546 Ἐσσὶ
748 483 825 562 ἅναξ
853 491 966 568 legitur
995 490 1014 546 I
1041 492 1093 560 93.Ι
1135 490 1223 549 Unus
1255 498 1257 502 ’

104 593 324 675 τὀετοῌοοαε,
354 614 383 651 v.
408 592 468 652 107
493 587 570 649 ἔνθα
598 587 689 664 ἅναξ,
719 592 772 670 qui
799 613 862 650 non
886 601 947 650 tam
970 592 1060 651 facile
1083 591 1223 669 expediri

104 703 217 773 potest,
248 715 320 753 nam
346 694 448 752 hiatus
478 703 523 753 est
550 695 583 752 in
611 694 746 753 seeundo
775 694 856 772 pede
884 715 941 754 neo
967 694 1072 752 similis
1095 693 1222 751 Homeri

103 797 186 856 locus
215 797 248 854 in
276 805 418 874 promptu
445 804 504 868 est,
534 797 594 854 nisi
617 796 745 854 sortasse
768 796 784 852 l
808 798 845 853 71
871 790 947 852 ἔνθα
970 788 999 850 6⁷
1025 790 1123 856 ἔπειτα
1144 789 1222 865 ἅναξ

105 894 215 974 (ἔπειτα
244 918 336 976 saepe
365 906 437 956 ante
464 892 542 968 οῖνοιξ
569 897 681 974 legitur
709 897 739 952 A
764 898 834 954 172.
860 897 888 951 Γ
907 897 977 955 267.
1003 897 1031 951 Δ
1054 897 1113 954 148
1137 892 1220 971 etc).

103 1001 173 1058 Non
196 1009 299 1059 tamen
323 999 422 1071 eredo,
448 1007 573 1077 propter
597 998 788 1076 digammatis
803 999 979 1057 memoriam
994 998 1149 1076 quandam
1163 998 1222 1056 hoc

102 1102 168 1160 loeo
202 1102 318 1160 hiatum
351 1100 516 1159 admissum
550 1119 630 1175 esse3
667 1100 795 1177 legimus
825 1100 907 1158 enim
934 1120 963 1157 v.
994 1100 1053 1158 207
1084 1095 1160 1156 ἔνθα
1189 1093 1219 1154 δ’

34 1218 35 1223 ’
102 1198 216 1275 ιῖνακτι,
240 1224 271 1261 v.
296 1203 355 1260 123
378 1204 493 1259 κτεῖνεν
514 1196 599 1272 ἅναξ,
624 1223 653 1259 ν.
678 1203 737 1259 179
762 1196 873 1277 ἐφῆκεν
895 1195 984 1274 ἅναξ,
1006 1222 1035 1259 v.
1060 1201 1120 1260 204
1143 1190 1221 1258 ὦσεν

102 1301 187 1380 ἅναξ,
210 1327 239 1363 v.
257 1305 317 1362 259
341 1297 500 1381 ἡγεμόνευε
523 1297 553 1360 d’
576 1297 663 1377 ἅναξ,
686 1324 716 1361 v.
733 1304 793 1362 218
817 1300 850 1359 οῖ
868 1300 906 1382 ῥά
929 1296 955 1359 τ’
972 1297 1089 1378 ἄνακτι,
1112 1324 1141 1363 v.
1159 1304 1223 1362 262
1243 1355 1245 1357 .
1317 1354 1319 1361 ,

102 1405 227 1485 ὄρουσεν
249 1401 342 1480 α’ἶναξ,
366 1428 395 1464 v.
420 1408 480 1465 336
504 1420 578 1480 σφιν
600 1399 724 1482 οἴναξῖῑ)
750 1401 801 1480 (of.
826 1402 853 1467 Ξ
876 1403 959 1481 134).

186 1507 218 1586 3)
242 1507 337 1567 Verbi
359 1499 446 1564 ἁδεῖν
469 1507 529 1566 duo
551 1515 670 1565 tantum
692 1507 804 1565 formas
826 1508 957 1585 repperi,
982 1507 1107 1566 alteram
1130 1529 1158 1565 v.
1178 1507 1218 1562 42

102 1608 132 1668 τό
160 1629 205 1668 τοι
232 1603 286 1684 οὐχ
307 1604 363 1666 ἅδε
385 1589 492 1689 θνμηῖ,
521 1609 650 1668 alterum
672 1629 701 1666 v.
726 1609 765 1666 66
789 1604 857 1664 τόθι
880 1627 923 1664 τοι
944 1602 1002 1666 dc'de
1024 1615 1117 1685 χοῖρος
1140 1600 1218 1683 ἄπη-

101 1733 173 1788 μων.
225 1711 396 1789 Singularis
429 1709 604 1789 prodnctio,
641 1730 720 1788 qnae
753 1709 889 1769 secundo
922 1710 988 1768 loco
1023 1710 1216 1787 conspicitur,

103 1815 279 1892 digammati
307 1834 370 1872 non
400 1823 445 1872 est
472 1813 650 1886 tribuenda,
688 1813 743 1871 sed
771 1813 906 1890 pertinet
934 1812 974 1870 ad
1000 1813 1083 1871 idem
1110 1833 1217 1890 genus,

102 1917 186 1974 cuius
210 1915 269 1974 duo
294 1915 434 1993 exempla
455 1915 594 1974 videmus
616 1936 645 1972 v.
663 1915 701 1972 31
725 1909 828 1984 ὅππως
850 1909 1020 1989 μνωόμενος
1044 1909 1118 1984 ἔκιες
1133 1907 1183 1984 Ἀζ
1204 1948 1216 1955 -

102 2014 171 2074 νίδα
193 2013 314 2094 κούρην.
360 2016 408 2076 Of.
431 2039 451 2093 μ
474 2018 514 2075 57
537 2010 684 2094 ὁπποτέρη
706 2012 744 2092 δή
767 2035 811 2073 τοι
833 2008 901 2084 ὁδὸς
925 2010 1047 2073 ἔσσεται.

184 2117 217 2195 4)
241 2118 379 2191 Formae,
404 2137 483 2196 quac
506 2108 663 2197 pertinent
684 2118 724 2177 ad
747 2118 880 2177 radicem
895 2118 960 2189 den,
985 2137 1095 2176 novem
1109 2118 1216 2195 legun-

99 2229 161 2293 tur,
190 2239 318 2298 quarum
341 2220 416 2278 diras
439 2229 612 2298 praetereo,
644 2240 710 2278 eum
734 2219 896 2278 antecedat
918 2219 1038 2297 syllaba
1060 2219 1161 2278 brevis
1184 2221 1217 2277 in

100 2341 265 2399 consonam
299 2321 448 2380 desinens
479 2318 521 2396 (v.
552 2323 611 2380 108
641 2315 787 2396 ἐπήρατον
815 2308 892 2390 εἷπε,
927 2341 956 2378 v.
986 2320 1048 2376 214
1076 2314 1137 2376 ὅττι
1165 2341 1218 2379 κεν

99 2418 192 2502 εἴπη).
230 2419 349 2492 ’Έειπες
376 2431 406 2482 et
428 2419 504 2480 ἔειπε
526 2444 576 2481 vv.
601 2423 650 2480 66.
675 2422 737 2480 200
759 2422 792 2478 in
821 2420 958 2478 formulis
985 2420 1145 2479 homericis
1173 2422 1214 2479 le·

100 2533 221 2602 guntur,
246 2526 285 2585 ef.
308 2546 379 2603 pag,
403 2527 452 2584 11.
496 2524 585 2584 Idem
607 2523 689 2582 cadit
710 2525 743 2581 in
765 2542 885 2581 versum
908 2523 968 2581 308
986 2519 1045 2598 (cf.
1062 2542 1132 2600 pag.
1151 2520 1214 2598 12),

100 2645 282 2704 quamquam
311 2626 470 2704 productio
496 2621 564 2703 (ἐγὼ
588 2621 675 2702 εἴποι)
700 2626 760 2682 iam
788 2625 861 2682 satis
891 2643 1015 2683 caesura
1044 2632 1215 2683 excusatur.

99 2727 246 2786 Similiter
272 2738 398 2806 propter
425 2748 581 2786 caesuram
607 2727 709 2785 hiatus
736 2725 904 2785 tolerabilis
928 2735 973 2784 ost
994 2746 1023 2784 v.
1048 2727 1087 2783 78
1110 2721 1215 2801 ἐχολώ-

99 2841 169 2886 σατο
191 2819 254 2886 εἶπέ
277 2849 305 2886 τε
327 2832 431 2905 μῦθον
455 2826 506 2904 (ef.
529 2831 560 2885 Λ
578 2830 636 2887 647
659 2821 807 2902 ἀναίνετο,
831 2817 894 2884 εἶπέ
916 2846 946 2884 τε
968 2829 1080 2902 μῦθον,
1107 2829 1215 2886 ἶ14204

97 2924 229 3005 α’νήνατο
251 2921 315 2988 εἶπέ
336 2951 365 2988 τε
387 2929 502 3007 μῦθον)
527 2939 608 2989 etv.
633 2932 671 2994 79
695 2929 788 3006 Φοῖβε
810 2923 887 3000 οῖναξ
911 2924 1040 3005 ἑκάεργε,
1065 2923 1133 2999 ἔπος
1157 2939 1214 2989 etc,

98 3031 198 3090 Aliter
220 3053 267 3091 res
290 3054 323 3092 se
345 3032 438 3092 habet
452 3055 481 3090 v.
499 3034 569 3104 356,
594 3033 679 3091 euius
702 3034 734 3091 in
756 3034 844 3090 initio
866 3033 980 3110 legitur
1002 3028 1119 3108 p‘pr'drov
1134 3027 1215 3102 ἔπος.

100 3132 291 3211 Quamquam
315 3135 396 3193 enim
418 3134 505 3192 fluxit
528 3155 567 3192 ex
587 3136 603 3190 l
628 3135 687 3192 146
712 3131 764 3209 (cf.
788 3154 858 3212 pag.
884 3131 951 3210 12),
976 3142 1079 3192 tamen
1101 3133 1134 3190 in
1156 3134 1214 3193 hoc

99 3233 258 3313 Odysseae
285 3235 352 3294 loeo
380 3235 540 3314 productio
561 3233 708 3313 'syllabae
730 3254 766 3292 ον
788 3236 939 3312 positione
962 3236 1043 3293 facta
1066 3244 1111 3294 est
1135 3232 1212 3312 (ῥηί-

13 3372 17 3381 .
97 3331 164 3392 aa
186 3355 230 3392 aa
252 3331 344 3413 επις).
390 3336 452 3395 seu
474 3336 554 3395 sena
576 3335 746 3394 Alienatus
771 3333 894 3411 (enm.
917 3337 964 3396 ιν
986 3358 1057 3415 pag.
1074 3321 1212 3415 τοτα.)

99 3437 327 3509 demonstravit,
345 3458 449 3497 earum
463 3459 579 3510 vocum,
598 3456 677 3516 quac
693 3438 725 3494 in
740 3445 802 3496 tres
817 3437 925 3496 breves
941 3437 1075 3517 syllabas
1091 3449 1211 3514 exeant,

97 3548 262 3598 extremam
283 3538 434 3617 syllabam
455 3539 520 3597 solo
543 3539 618 3597 arsis
642 3540 757 3616 impetu
780 3539 908 3617 produci
930 3540 1042 3615 solere;
1068 3541 1107 3599 ef.
1127 3543 1156 3595 A
1171 3542 1211 3600 45

95 3633 273 3718 ἀμφηρεφέα
295 3660 325 3698 τε
348 3634 498 3718 φαρέτρην
521 3637 566 3716 (in
590 3640 619 3698 5.
642 3637 726 3716 arsi),
751 3639 779 3695 Ε
795 3641 832 3697 71
856 3635 944 3697 πόσεϊ
963 3629 988 3720 ᾧ
1013 3637 1057 3717 (in
1082 3644 1110 3700 6.
1127 3640 1210 3720 arsi),

97 3807 298 3815 ----—-—-—--

163 3907 196 3976 ²¹)
216 3911 279 3960 Scio
298 3925 349 3973 ego
369 3909 486 3974 quidem,
507 3909 648 3960 nonnullis
665 3908 733 3960 locis
752 3911 853 3960 omissa
870 3910 964 3960 littera
983 3911 1153 3976 paragogica
1171 3912 1212 3962 di-

96 3996 240 4059 gemmatis
263 3994 411 4057 vestigium
433 3995 544 4044 restitui
565 4009 660 4058 posse;
684 3994 744 4056 sed,
769 4001 799 4044 ut
817 3996 872 4044 iam
891 3994 1048 4060 significavi
1066 3995 1137 4062 (pag.
1157 3999 1208 4062 10),

95 4079 228 4130 eiusmodi
252 4080 419 4128 mutationes
441 4080 500 4128 iure
523 4080 634 4144 fierent,
658 4081 681 4130 si
705 4081 804 4131 ceteris
827 4080 898 4133 locis
917 4080 1041 4131 omnibus
1058 4081 1150 4132 vivum
1170 4083 1208 4136 di·

94 4181 203 4231 gamma
222 4164 424 4231 agnoscendum
444 4169 526 4217 esset.
