2746 4642
212 1087 408 1201 Quamquam
436 1144 536 1200 nuper
563 1121 709 1180 Albert'us
737 1121 850 1201 Koehn
866 1117 889 1196 1)
920 1122 1051 1200 hymnos
1079 1092 1161 1196 illds,
1191 1128 1244 1203 qui

121 1227 272 1284 homerici
296 1226 452 1296 dicuntur,
482 1225 593 1301 magno
623 1245 690 1282 cum
712 1224 813 1281 studio
837 1223 879 1280 ita
901 1225 1057 1296 tractavit,
1087 1234 1121 1284 ut
1142 1229 1243 1286 varias

123 1329 283 1386 nominum
298 1325 522 1403 verbommque
538 1326 650 1384 formas
667 1325 825 1402 colligeret
841 1324 1133 1404 demonstraretque,
1151 1348 1243 1406 quae·

123 1451 198 1488 nam
219 1429 410 1506 potissimum
438 1427 480 1485 ibi
510 1435 612 1485 essent
634 1434 812 1504 usurpatae,
842 1434 945 1484 tamon
974 1427 1051 1485 illud
1079 1429 1153 1486 mihi
1180 1451 1244 1488 non

123 1531 249 1590 videtur
277 1537 432 1615 assecutus
461 1547 543 1600 esse,
573 1520 607 1586 ut
629 1549 668 1587 ex
690 1529 747 1600 cic,
777 1547 856 1605 quae
879 1529 1046 1605 congessit,
1078 1540 1192 1589 certum
1215 1540 1245 1589 et

124 1653 233 1691 verum
256 1631 403 1689 iudicium
426 1631 526 1689 facere
549 1631 698 1708 possimus
722 1629 760 1687 de
780 1632 905 1707 propria
926 1629 1111 1706 hymnorum
1134 1641 1245 1691 natura

124 1743 219 1812 atque
242 1733 357 1791 indole.
401 1732 548 1809 Neglexit
571 1733 653 1789 enim
675 1731 727 1788 ille
750 1731 874 1808 quidem
897 1732 1066 1790 accuratius
1090 1753 1142 1791 eos
1166 1755 1244 1793 com-

123 1855 235 1914 parare
251 1855 326 1901 ‚cum
346 1833 446 1891 Iliade
470 1842 500 1891 et
516 1819 671 1908 Odyssea,
697 1832 779 1909 quod
803 1853 838 1889 eo
861 1833 960 1890 minus
985 1832 1118 1892 debebat
1140 1836 1244 1912 negle-
1320 1870 1323 1874 <

125 1956 209 2013 gere,
234 1956 300 1994 cum
316 1935 402 1993 nulla
425 1935 486 1992 alia·
508 1935 547 1991 sit
561 1935 613 1991 via
635 1954 670 1992 ac
685 1934 771 2005 ratio,
797 1953 857 2011 qua
881 1934 918 1991 de
941 1943 1042 1992 aetate
1066 1938 1245 2014 origineque

124 2038 249 2095 illorum
262 2037 370 2094 saltem
392 2036 522 2114 aliquid,¹
543 2036 855 2114 quantulumcumque
877 2044 931 2107 est,
955 2037 1051 2113 possit
1071 2039 1146 2096 erui.
1190 2038 1245 2096 At·

123 2148 230 2197 tamen
259 2140 347 2197 caute
376 2146 422 2194 est
449 2137 618 2215 agendum:
648 2158 720 2195 nam
747 2157 805 2215 quo
830 2137 944 2195 diutius
966 2138 1113 2196 versabar
1139 2141 1172 2197 in
1199 2140 1246 2197 his

124 2240 261 2318 hymnis,
287 2259 322 2297 eo
346 2239 468 2316 saepius
491 2239 583 2296 etiam
604 2238 748 2297 videbam
771 2259 815 2310 ea,
841 2258 919 2316 quae
942 2248 1026 2297 certa
1047 2242 1166 2317 priscae
1188 2242 1245 2298 lin-

126 2361 207 2418 guae
229 2341 360 2417 vestigia
383 2359 448 2397 esse
472 2360 575 2399 omnes
599 2342 822 2410 consentirent,
853 2339 931 2396 nihil
953 2341 1013 2397 nisi
1036 2342 1170 2418 speciem
1192 2363 1246 2400 an-

125 2443 277 2520 tiquitatis
300 2439 373 2520 prae
396 2461 428 2499 se
452 2442 543 2500 ferre.
589 2439 659 2518 Qua
681 2442 714 2498 in
738 2461 769 2498 re
793 2441 870 2498 adeo
895 2443 1008 2499 erravit
1029 2442 1244 2514 Hoffmanmm,

125 2553 176 2616 ut,
205 2564 272 2602 cum
295 2545 327 2600 in
349 2543 410 2602 fine
433 2542 657 2620 Quaestionum
686 2543 907 2617 homericarum
935 2563 952 2600 e
976 2543 1167 2621 digammatis
1190 2565 1247 2602 usu

127 2645 281 2722 rebusque
309 2645 441 2727 metricis
465 2645 674 2704 demonstrare
697 2645 846 2715 studeret,
878 2645 911 2701 in
933 2644 1033 2703 Iliade
1056 2647 1247 2722 singulorum

126 2746 277 2805 librorum
302 2765 358 2805 sex
382 2754 498 2818 aetates
527 2747 645 2824 origine
668 2766 723 2804 sua
746 2746 980 2823 distinguendas
1004 2765 1083 2818 esse,
1114 2767 1152 2805 ex
1173 2749 1247 2824 ipsis

127 2848 252 2926 hymnis
275 2856 429 2924 quartum,
454 2850 507 2925 qui
530 2849 629 2906 estin
652 2848 818 2919 Venerem,
843 2847 992 2906 tribueret
1014 2848 1133 2920 tertiae,
1159 2850 1246 2926 quin-

127 2957 207 3020 tum,
233 2949 285 3026 qui
309 2935 408 3006 estin
432 2948 587 3022 Cererem,
618 2951 745 3028 quintae
768 2950 871 3007 aetati.
917 2948 1006 3026 Quae
1029 2970 1096 3007 eum
1119 2951 1162 3007 ita
1185 2951 1248 3007 sint

128 3070 195 3108 non
216 3050 314 3108 solum
336 3050 368 3108 id
391 3071 488 3128 agam,
512 3061 546 3109 ut
567 3053 654 3129 quasi
677 3053 709 3108 in
731 3072 826 3108 unum
849 3058 1044 3128 conspectum
1066 3071 1246 3128 proponam,

128 3170 192 3229 qua
217 3143 338 3209 ratione
366 3150 474 3228 hymni
502 3154 625 3228 cognati
651 3154 713 3210 sint
741 3173 809 3210 oum
830 3152 948 3228 magnis
978 3151 1038 3209 illis
1062 3153 1248 3223 carminibus

126 3252 304 3324 homericis,
335 3253 390 3311 sed
419 3254 510 3311 etiam
537 3263 572 3311 ut
600 3253 765 3330 diligenter
791 3272 958 3332 persequar
985 3273 1021 3312 ea
1044 3273 1122 3331 quae
1149 3255 1181 3311 in
1206 3256 1248 3312 eis

128 3363 308 3431 comparent
330 3355 448 3431 priscae
470 3355 597 3433 linguae
618 3355 759 3432 vestigia.

215 3449 286 3532 Qua
308 3457 340 3514 in
363 3477 395 3515 re
418 3458 548 3534 primum
569 3457 670 3516 locum
693 3456 811 3516 obtinet
839 3458 1012 3535 quaestio
1037 3457 1081 3516 de
1105 3458 1248 3536 digam-

129 3564 238 3615 mate.
284 3557 413 3636 Saepius
442 3559 475 3616 in
497 3558 620 3636 hymnis
651 3579 688 3618 ea
709 3560 855 3636 leguntur
876 3558 1039 3629 vocabula,
1070 3578 1149 3636 quae
1178 3560 1249 3617 olim

131 3676 169 3715 ex
191 3659 309 3718 aeolica
331 3659 384 3717 illa
405 3659 517 3731 littera,
542 3679 633 3737 quam
650 3659 764 3730 dicunt,
789 3660 911 3718 initium
933 3660 1050 3736 cepisse
1073 3680 1155 3717 nunc
1178 3680 1270 3717 con,

129 3767 191 3817 stat
213 3760 294 3818 inter
315 3762 440 3838 peritos.
480 3761 546 3819 Nec
562 3760 673 3819 desunt
695 3761 749 3818 illa
764 3762 861 3838 signa,
886 3759 996 3838 quibus
1013 3780 1080 3818 cam
1103 3763 1134 3819 in
1150 3761 1250 3819 Iliade

130 3867 161 3917 et
185 3857 327 3939 Odyssea
355 3863 415 3920 iam
444 3871 549 3940 aperte
578 3863 667 3940 prodi
696 3872 800 3921 nostra
828 3852 949 3920 demum
976 3870 1078 3921 aetate
1107 3883 1125 3920 a
1152 3862 1248 3939 primo

201 4096 221 4161 ¹)
234 4096 365 4146 Albertus
378 4096 483 4159 Koehn,
499 4098 685 4160 Quaestionec
698 4098 831 4147 metricae
845 4101 873 4146 et
886 4097 1083 4164 grammaticae
1097 4097 1130 4147 de
1143 4098 1250 4162 hymnis

128 4181 291 4241 homericis,
312 4181 393 4230 Halis
412 4183 486 4232 1865.

1030 4265 1056 4330 1.
