2746 4642
698 196 740 261 50

643 286 798 298 ...ι-’.αι-

162 387 261 445 forma
283 387 315 443 in
331 404 376 441 οιο
392 386 549 457 desinens,
576 387 724 446 157196
747 389 847 446 hiatus
869 387 972 445 littera
994 387 1180 464 paragogica
1202 388 1283 445 tolli·
1321 446 1323 450 2

162 496 212 545 tur
236 482 335 564 (ἔσκεν
356 483 472 544 ἔναντι.
499 484 649 564 Τρώεσσιν
671 483 817 564 ἀνάσσει).

247 587 280 665 5)
304 588 448 666 Singulos
471 590 540 647 illos
555 609 660 648 versus
676 610 758 648 nunc
774 590 883 661 affero,
907 589 1017 666 quibus
1036 585 1167 666 ἔθειραι,
1190 583 1282 665 ἕκητι,

111 769 112 774 ¹
163 685 277 763 ἔλιιιας,
307 685 369 758 ἔτος
397 691 551 767 leguntur.
601 691 761 750 Bekkerus
785 691 865 748 enim
888 709 993 748 vocem
1015 684 1129 766 ἔθειραι
1151 699 1286 767 quatuor

160 791 235 848 loeis
252 791 436 868 digammate
459 793 601 850 instruxit
626 788 671 866 (Π
686 793 756 850 795.
781 792 811 846 Χ
826 792 897 849 315.
921 788 1012 849 Θ42.
1035 790 1069 845 Ν
1083 789 1153 868 24),
1178 810 1282 869 quam-

71 955 83 964 ,
162 912 253 970 quam
268 891 346 949 nihil
362 894 449 964 certi,
473 893 576 970 quoad
591 894 666 964 scio,
693 893 731 951 de
747 893 932 972 etymologia
946 891 1036 950 huius
1052 894 1134 950 vocis
1151 902 1282 952 constat.

160 993 230 1052 Uno
258 994 324 1051 loco
355 989 397 1069 (T
419 991 492 1070 382)
521 993 599 1052 illud
619 985 743 1066 omisit,
774 1014 841 1051 cum
869 993 1027 1052 elisionem
1055 994 1225 1070 particulae
1248 990 1282 1050 δέ

160 1095 275 1153 evitare
298 1114 360 1152 non
383 1102 486 1172 posset
510 1091 722 1170 (acerentinum
744 1087 774 1150 δ’
799 1089 936 1171 ἔθειραι).
978 1094 1044 1152 Iam
1066 1094 1096 1151 h.
1120 1093 1150 1152 h.
1174 1114 1281 1154 versus

161 1195 221 1254 228
244 1196 326 1253 hune
347 1195 441 1254 habet
464 1197 591 1254 exitum:
614 1191 713 1252 πολιαὶ
727 1191 888 1270 κατέχυντο
909 1190 1038 1272 ἔθειραις
1061 1194 1132 1264 sed,
1156 1195 1182 1253 si
1205 1196 1282 1273 quid

160 1297 264 1367 video,
294 1305 386 1374 poeta
408 1298 552 1356 memoria
579 1298 678 1356 tenuit
707 1297 892 1355 homericum
914 1296 991 1354 illud
1012 1292 1099 1352 καλαὶ
1121 1290 1155 1351 δὲ
1176 1311 1279 1373 περισ-

159 1394 272 1454 σείοντο
295 1393 408 1474 ἔθειραι
433 1394 475 1472 (Χ
497 1396 583 1474 315).
621 1397 735 1456 Versus
760 1399 834 1470 147,
859 1397 912 1456 ubi
933 1397 1046 1474 legitur
1068 1389 1098 1452 δ’
1123 1389 1204 1472 ἕκητι
1226 1395 1280 1474 (cf.

161 1498 245 1557 Curt.
268 1519 339 1576 pag.
365 1497 454 1575 126),
483 1506 514 1558 et
537 1500 610 1570 163,
635 1499 688 1557 ubi
709 1499 823 1577 legitur
844 1491 874 1554 d’
899 1492 997 1566 ἕλικας
1021 1494 1073 1573 (cf.
1098 1496 1183 1556 Ourt.
1206 1518 1278 1576 pag.

159 1598 233 1675 322)
254 1600 343 1658 nobis
358 1600 483 1677 quidem
505 1600 622 1658 nullam
637 1600 837 1658 offensionem
859 1599 1023 1676 praebent3
1049 1581 1277 1677 nam'neglecto

160 1701 344 1779 digammate
366 1702 490 1759 minime
513 1701 695 1759 commoveri
724 1700 883 1772 debemus,
912 1708 946 1757 ut
974 1708 1135 1776 utrumque
1157 1719 1280 1758 versum

158 1804 295 1880 spurium
318 1823 383 1862 csse
406 1823 598 1873 censeam,
629 1802 712 1880 quod
739 1803 811 1861 feeit
833 1786 1037 1861 Hoffmannus
1062 1798 1114 1876 (cf.
1139 1801 1279 1878 Quaestt.

80 1899 82 1903 ¹
108 1954 112 1963 ,
160 1902 179 1979 ξ
207 1902 293 1980 256).
339 1903 400 1980 Qui
430 1904 562 1963 eundem
589 1923 710 1962 versum
739 1904 831 1962 ctiam
859 1924 897 1962 ex
913 1903 1023 1960 iliade
1047 1899 1094 1977 (Σ
1112 1901 1186 1980 401)
1211 1904 1281 1962 eiiei

159 2005 253 2064 iubet.
292 2006 399 2064 Restat
420 2026 525 2064 versus
548 2006 623 2075 277,
650 2004 703 2063 ubi
724 2005 838 2081 legitur
853 1999 883 2073 ἔς
898 1998 1030 2078 πέμπτον
1045 1998 1106 2080 ἔτος
1124 2001 1279 2080 (ctssurt.

74 2132 77 2138 ·
158 2126 230 2184 pag.
256 2105 342 2182 189).
384 2106 447 2164 Sed
469 2106 551 2164 idom
572 2105 685 2182 legitur
707 2123 730 2160 ω
753 2106 828 2176 309,
854 2105 1030 2163 conferatur
1052 2125 1067 2160 τ
1090 2105 1150 2162 222
1174 2099 1278 2181 (ἐεικο-

158 2202 231 2265 στὸν
254 2203 341 2279 ἔτος).
386 2207 418 2264 Ω
442 2208 502 2266 765
527 2202 673 2282 (εἰκοστὸν
695 2202 781 2282 ἔτος).

243 2306 274 2385 6)
298 2307 411 2366 Parum
438 2317 540 2367 autem
567 2307 626 2366 sibi
654 2309 790 2366 constitit
811 2307 1028 2379 HoffmannuS‚
1060 2329 1127 2366 eum
1154 2329 1184 2367 v.
1216 2309 1278 2366 184

162 2407 227 2484 (καί
246 2430 298 2484 μιν
319 2405 490 2484 λισσόμενος
514 2404 585 2466 ἔπεα
607 2405 765 2486 πτερόεντα
787 2404 956 2485 προσηύδα)
980 2409 1171 2488 digammatis
1186 2411 1277 2468 vesti-

159 2512 241 2587 gium
269 2519 388 2570 exstare
417 2511 604 2587 significaret
636 2508 668 2585 (ξ
698 2508 782 2585 257).
833 2510 905 2587 Ipse
935 2512 1016 2568 enim
1044 2518 1136 2570 antea
1166 2507 1198 2586 (ξ
1223 2509 1276 2587 73)

157 2632 301 2690 magnum
318 2632 421 2670 eorum
437 2632 580 2670 versuum
594 2631 753 2670 numerum
769 2613 972 2683 enumeravit,
995 2613 1026 2669 in
1044 2611 1153 2690 quibus
1168 2611 1278 2670 breves

55 2748 61 2760 ·
157 2713 295 2792 syllabae
324 2713 390 2771 solo
420 2733 563 2772 caesurae
592 2710 852 2793 (semiquinariae)
887 2712 1024 2790 pondere
1056 2712 1277 2790 producuntur.

157 2815 266 2893 Aeque
283 2823 385 2874 autem
402 2835 437 2872 ac
452 2815 679 2873 Baumeisterus
702 2815 859 2891 ignorasse
879 2812 1014 2884 videtur,
1038 2821 1135 2871 totum
1156 2834 1279 2872 versum

159 2936 198 2973 ex
215 2914 356 2993 Odyssea
372 2916 536 2974 oriundum
552 2936 617 2974 esse
634 2912 686 2991 (cf.
703 2936 719 2990 χ
736 2916 806 2974 311.
823 2914 894 2973 343.
912 2913 997 2990 366).
1036 2912 1160 2972 Ceteros
1183 2915 1277 2988 locos,

109 3093 111 3095 ι
163 3015 215 3073 ubi
243 3016 358 3074 formae
382 3036 398 3073 e
421 3017 523 3074 radice
545 3019 603 3074 ssu
627 3015 782 3074 derivatae
805 3022 979 3086 occurrunt,
1007 3021 1180 3092 praeterae,
1210 3003 1280 3074 cum

158 3137 195 3176 ex
223 3117 266 3175 eis
297 3107 421 3175 omnino
451 3117 527 3174 nihil
556 3117 658 3194 colligi
686 3118 781 3194 possit
810 3113 874 3190 (91.
904 3116 974 3174 143.
1000 3116 1070 3174 155.
1096 3117 1166 3174 176.
1189 3116 1277 3194 291),

157 3218 205 3275 De
243 3219 373 3277 formula
410 3225 533 3293 στερεῶς
569 3211 710 3275 ἀπέειπεν
749 3214 791 3293 (v.
830 3215 883 3294 25)
921 3218 981 3276 iam
1017 3237 1109 3295 supra
1146 3217 1277 3276 diximus

159 3315 233 3392 (vid.
250 3339 321 3396 pag.
345 3315 411 3393 43).

243 3416 274 3494 7)
298 3419 504 3478 Transeamus
527 3420 567 3478 ad
589 3441 695 3479 vocem
718 3418 810 3496 ἔργον.
862 3420 1054 3498 Quamquam
1077 3440 1181 3479 omnes
1204 3440 1275 3479 con-

156 3521 294 3579 sentiunt
317 3520 355 3578 de
378 3521 561 3597 digammate
583 3520 674 3579 huius
696 3523 792 3594 νοοίε,
817 3522 899 3600 quod
923 3522 1014 3580 etiam
1035 3521 1066 3580 h.
1089 3521 1120 3579 h.
1142 3542 1232 3580 versu
1258 3524 1274 3579 1

156 3622 243 3680 hiatu
277 3621 367 3699 prodi
397 3621 502 3680 dicunt
532 3616 648 3696 (ἔννεπε
677 3617 775 3700 ἔργα),
810 3632 913 3683 tamen
942 3643 998 3700 ego
1027 3642 1129 3701 neque
1156 3624 1189 3680 in
1217 3623 1276 3682 hoc

156 3723 273 3802 hymno
299 3722 396 3781 ullum
426 3723 616 3801 digammatis
644 3725 806 3800 vestigium
828 3744 961 3802 agnosco
990 3725 1050 3782 nisi
1078 3725 1110 3782 in
1138 3724 1275 3782 formulis

155 3824 326 3882 homericis
376 3824 443 3883 Iam
470 3825 532 3882 scio
561 3819 664 3882 ἔννεπε
693 3820 761 3901 ἔργα
784 3826 869 3884 nullo
892 3824 1019 3884 Homeri
1046 3826 1114 3884 loco
1138 3834 1274 3901 exstare3

156 3925 211 3984 sed
237 3925 432 3984 manifestum
461 3934 520 3997 est,
550 3934 673 4003 poetam
703 3924 863 4006 Odysseae
891 3913 1050 3984 exordium
1077 3926 1136 3984 sibi
1163 3947 1274 4004 propo-

155 4027 265 4097 suisse,
290 4027 373 4104 quod
395 4028 581 4102 imitaretur3
605 4027 713 4086 maluit
735 4029 827 4104 igitur
848 4027 966 4085 hiatum
984 4028 1158 4100 admittere,
1184 4047 1275 4106 quam

130 4127 277 4204 ‚longius
300 4128 338 4186 ab
367 4128 420 4187 illo
443 4128 597 4188 recedere.
647 4128 814 4188 Praeterea
841 4130 998 4188 invenitur
1024 4126 1077 4186 καί
1103 4137 1174 4188 ante
1203 4124 1273 4206 ἔργα
