2746 4642
582 224 685 319 „29-
729 313 732 317 ,

94 398 178 476 mum
206 423 420 493 argumentum
451 435 489 474 ex
517 415 612 492 ipsius
641 414 730 492 primi
758 414 899 471 carminis
929 410 1079 489 (1-121)
1107 421 1218 471 natura

95 496 247 594 afforossss)
299 516 491 594 Quamquam
528 516 609 574 enim
643 516 676 572 in
708 513 766 572 hoc
799 534 921 592 quoque
954 523 1085 591 quatuor
1111 533 1217 572 versus

94 620 241 678 homerici
264 627 336 677 sunt
358 619 491 695 recepti,
521 602 625 676 tamen
647 617 687 685 in
702 617 879 675 universum
908 616 973 674 eius
1001 623 1154 674 auctorem
1178 615 1216 674 ab

97 722 189 780 anxia
216 721 271 778 illa
300 720 469 778 imitatione
497 718 681 777 abstinuisse
703 719 811 795 negari
833 737 896 775 non
919 725 1030 795 potest.
1074 717 1154 776 Nam
1176 717 1216 773 45

95 831 216 880 tantum
238 841 359 892 versus,
385 821 439 898 qui
461 821 582 879 circiter
603 819 725 878 tertiam
747 828 865 897 partem
888 812 977 896 primi
999 819 1089 876 liuius
1112 810 1228 877 carmi-¹

95 924 144 981 nis
173 923 325 995 efficiunt,
356 905 397 980 in¹
418 922 555 980 clausula
582 921 752 980 homericae
780 921 926 978 formulas
954 919 1080 978 habent.
1125 919 1217 996 Quod

96 1033 199 1083 autem
222 1024 312 1083 etiam
335 1024 458 1082 maioris
480 1025 627 1082 momenti
650 1043 715 1082 csso
738 1023 876 1095 videtur,
901 1023 1039 1080 continet
1062 1020 1139 1079 illud
1161 1023 1216 1078 vi-

96 1126 198 1204 ginti
225 1126 300 1182 tria
327 1123 477 1183 vocabula
506 1145 569 1183 non
596 1124 764 1199 homerica3
800 1145 879 1203 quac
907 1124 1009 1181 statim
1038 1122 1144 1193 affero,
1178 1142 1217 1180 ne

95 1228 164 1305 quis
193 1227 358 1297 existimet,
389 1227 533 1285 maiorem
560 1226 643 1284 hunc
673 1246 776 1283 corum
805 1245 964 1284 numerum
993 1244 1032 1283 cx
1053 1224 1218 1282 insolentia

95 1327 229 1406 quadam
258 1328 430 1404 argumenti
458 1328 614 1405 consequi.
665 1326 744 1384 Sunt
773 1328 855 1385 enim
882 1320 973 1385 llaec:
1016 1321 1059 1403 [2)
1090 1321 1215 1402 ἔναλον]

97 1425 142 1508 [3)
167 1423 383 1506 aspexissem.)
423 1425 453 1504 7)
478 1425 635 1504 πλήκτρου.
676 1426 727 1504 12)
750 1421 905 1503 ὑμνεῦσιν.
945 1425 996 1502 13)
1022 1423 1216 1502 τλημοσύνας.

96 1527 150 1607 19)
178 1524 395 1606 μεταμέλπεται.
441 1527 493 1606 21)
521 1523 693 1607 ὁμότροφος.
740 1528 792 1606 23)
814 1525 1006 1606 Ιἐγκιθαρίζει.
1052 1529 1101 1604 24)
1124 1521 1216 1603 ἄμφι-

95 1610 224 1706 φαείνοι.
275 1629 327 1708 25)
358 1626 549 1711 ε’ὕκλώστοιορ
572 1618 642 1707 ’26)
676 1626 887 1708 ἐπιτέρπονται.
933 1629 986 1706 27)
1015 1626 1216 1707 χρυσοπλόκα-

93 1752 159 1810 μος.
197 1735 261 1800 ,36.
286 1730 338 1808 70)
363 1728 547 1809 χρηστήριον.
597 1731 650 1808 37)
675 1729 814 1808 ζητεύων.
860 1730 912 1808 39)
936 1726 1117 1808 παρέστιχες.
1162 1723 1216 1806 53)

72 1829 234 1914 ,vendatis
273 1831 325 1909 56)
349 1825 538 1910 ἀνακτορίην.
578 1828 643 1910 [64)
668 1829 880 1911 πολύπυργον]
921 1831 1061 1909 76116)
1085 1828 1216 1908 διέθηκε.

83 1933 151 2012 ’85)
182 1929 348 2012 νἰρδόμενοι.
402 1933 455 2011 95)
485 1927 708 2012 ἆμφιγεγηθώς.
763 1914 997 2012 103)’6ειρα’ὃα.
1050 1933 1122 2010 106)
1154 1930 1216 1991 ἕπτ-

93 2031 247 2114 κρέμαται.

181 2138 263 2203 Num
284 2138 448 2216 quicquam
468 2137 562 2196 habet
584 2137 823 2216 probabilitatis,
853 2139 986 2197 eundem
1009 2145 1130 2217 po'e‘tam
1153 2159 1216 2197 car·

94 2259 166 2298 rnen
195 2259 283 2297 suum
311 2240 406 2316 primo
434 2239 559 2316 quidem
580 2239 698 2297 modice
722 2240 761 2298 ad
785 2240 941 2318 exemplar
962 2241 1089 2299 Homeri
1113 2240 1216 2299 condi-

97 2341 194 2413 disse,
224 2349 288 2398 tum
315 2360 387 2398 vcro
417 2329 494 2398 adeo
523 2341 683 2398 consilium
711 2361 798 2399 suum
827 2349 972 2412 mutasse,
1004 2351 1038 2399 ut
1066 2362 1127 2398 non
1157 2342 1217 2399 iarn

96 2443 267 2501 imitaretur
288 2440 468 2513 Homerum,
499 2442 554 2499 scd
576 2443 677 2519 potius
700 2444 852 2520 acciperet
875 2464 913 2501 cx
936 2444 999 2500 cius
1023 2442 1215 2514 carminibus,

96 2543 393 2623 quicquidpossct‘?
437 2543 509 2601 Non
538 2544 644 2615 credo,
675 2545 729 2602 sed
759 2546 848 2602 certis
877 2545 1063 2622 argumentis
1093 2544 1216 2602 demon·

95 2655 207 2704 strasse
229 2645 303 2702 mihi
326 2645 446 2716 videor,
476 2645 532 2702 sub
559 2647 650 2703 unius
673 2645 781 2725 hymni
802 2647 904 2724 specie
926 2647 985 2705 tria
1009 2647 1130 2705 diversa
1153 2667 1216 2704 car·

96 2749 180 2805 mina
210 2747 317 2804 latere.
331 2741 367 2822 19)
417 2747 527 2824 Neque
555 2747 631 2804 hacc
661 2767 727 2805 mea
755 2748 910 2805 sententia
941 2767 976 2805 co
1005 2747 1215 2819 labefactatur,

37 2866 45 2871 ·
97 2849 180 2927 quod
207 2848 331 2925 singula
359 2849 494 2906 carmina
522 2868 585 2906 non
614 2849 657 2907 ita
685 2857 813 2926 possunt
840 2849 1011 2921 enucleari,
1047 2857 1081 2906 ut
1109 2869 1215 2906 unum-

97 2949 240 3027 quodque
263 2969 346 3007 nunc
369 2950 460 3007 etiam
482 2969 537 3026 per
559 2969 592 3008 se
614 2957 694 3007 stare
717 2951 823 3027 possit.
859 2950 939 3008 Nam
954 2952 1007 3028 qui
1023 2971 1059 3008 ca
1074 2951 1106 3008 in
1123 2972 1217 3008 unum

97 3051 206 3128 coegit,
229 3051 254 3107 is
278 3049 380 3128 quoad
402 3051 502 3127 potuit
524 3051 613 3108 simul
636 3052 669 3109 id
692 3053 763 3129 egit,
788 3060 822 3110 ut
845 3053 1023 3129 compositio
1046 3053 1137 3110 unius
1153 3073 1216 3111 car·

97 3151 187 3210 minis
209 3153 338 3210 virtutes
361 3171 435 3229 prae
458 3172 491 3211 se
514 3152 618 3211 ferret.

183 3253 252 3330 Quo
268 3254 363 3330 magis
379 3254 568 3330 singulorum
586 3255 752 3312 carminum
768 3257 844 3313 ratio
861 3258 957 3333 possit
972 3257 1112 3335 perspici,
1136 3256 1217 3315 lianc

97 3354 233 3414 tabulam
255 3354 399 3414 subiiciet

100 3507 301 3515 ..ψ-«ω...-

167 3605 198 3670 ¹⁸)
217 3606 288 3656 Illud
313 3622 419 3671 quoquc
443 3623 655 3658 commemorare
678 3612 816 3672 poteram,
840 3609 936 3657 mirum
961 3623 1034 3672 esse,
1059 3609 1129 3672 quod
1147 3611 1215 3658 tem-

99 3691 172 3756 plum
191 3693 226 3740 ab
239 3691 366 3757 Apolline
387 3693 524 3742 conditum
539 3708 599 3743 esse
614 3697 641 3741 et
654 3692 867 3749 innumerabiles
880 3693 1018 3742 hominum
1031 3698 1129 3758 gentes
1143 3695 1216 3742 circa

99 3776 256 3826 consedisse
275 3778 351 3841 prius
370 3781 514 3839 narratur,
534 3792 615 3842 quarn
635 3781 789 3842 serpentem
808 3795 824 3827 a
844 3777 894 3827 deo
913 3778 1089 3827 interfectam
1109 3792 1176 3826 esse.
1235 3821 1239 3829 .

167 3858 198 3925 19)
217 3861 401 3923 Hermannus,
422 3863 523 3926 quippe
543 3862 588 3925 qui
607 3877 716 3926 prorsus
735 3861 792 3911 alia
813 3861 1018 3912 demonstrandi
1031 3863 1139 3912 ratione
1152 3877 1217 3912 usus

97 3947 143 4008 sit,
162 3945 230 3995 duos
248 3946 363 4010 hymnos
381 3944 519 4005 distinxit,
539 3945 654 3996 alterum
673 3948 702 3995 in
719 3946 874 4011 Apollinem
892 3947 1033 4010 Pythium,
1053 3947 1168 3996 alterum
1188 3949 1216 3996 in

97 4029 252 4094 Apollinem
265 4029 459 4094 Telphusium3
478 4031 526 4080 sed
546 4031 628 4081 certis
648 4035 816 4096 argumentis
833 4033 885 4081 hoc
903 4048 956 4080 non
969 4032 1105 4096 probavit.
1139 4032 1215 4081 Bene

98 4118 190 4163 autem
210 4113 348 4162 intellexit
368 4118 395 4163 et
414 4114 612 4166 demonstravit
631 4131 674 4166 vv.
696 4118 828 4166 197-209
847 4116 922 4165 nullo
940 4117 1019 4166 modo
1039 4116 1106 4166 serri
1123 4131 1214 4180 posse,

97 4213 151 4261 qua
170 4197 204 4246 de
223 4213 252 4245 re
271 4196 307 4252 cf.
326 4198 417 4262 Epist.
437 4199 472 4248 ad
490 4199 577 4263 Ilgen.
598 4215 661 4264 pag.
679 4200 755 4248 XXX
774 4216 813 4264 sq.

969 4283 1013 4344 2*
