2746 4642
638 144 679 236 ’σε

104 361 183 419 nihil
211 361 417 438 colligendum
441 371 485 420 ost
514 348 644 420 derivo
669 363 867 440 digammate3
897 383 968 422 uam
991 365 1098 424 eadem
1126 365 1223 424 forma

103 462 260 520 invenitur
283 463 321 519 M
343 464 414 522 464.
1105 538 1111 550 Ι

191 561 225 639 9)
249 563 455 623 Transeamus
480 565 519 624 ad
548 566 659 625 formas
689 587 706 625 e
729 567 832 625 radice
853 565 905 626 διδ
928 567 1083 627 oriundas,
1127 551 1222 645 Quas

104 673 226 743 praeter
247 685 340 724 unam
363 686 466 724 omnes
489 668 521 723 in
545 667 709 724 notissimis
738 667 875 725 formulis
898 669 1050 727 contineri
1073 667 1223 728 videmus.

103 767 231 844 Legitur
254 768 349 826 enim:
379 769 485 842 θαῦμα
509 762 629 824 ἰδέσθαι
652 771 702 827 90,
746 771 854 843 θαῦμα
876 765 953 826 ι’δεῖν
976 770 1046 828 205.
1092 765 1169 838 Ζεὺς
1192 763 1222 826 δ’

103 863 220 941 ἀφθιτα
242 864 337 943 μήδεα
360 864 446 937 είδοίς
469 869 520 927 43.
544 865 627 943 σάφα
650 858 716 925 οἶδα
740 871 811 927 113.
836 865 918 943 σάφα
941 866 1027 938 εἰδώς
1052 871 1124 928 167.
1151 864 1226 927 οάδέ

104 989 131 1024 τι
153 965 219 1049 ᾔδει
242 970 312 1028 207.
336 959 370 1026 εὖ
392 959 459 1025 οίδα
481 971 551 1028 116.
574 966 624 1026 καί
646 959 723 1038 εἶδος
746 963 832 1045 ὁμοίη
848 971 906 1044 82,
929 990 1056 1048 quarum
1079 971 1223 1031 formula·

76 1091 167 1128 rum
198 1071 337 1148 exempla
365 1070 519 1129 homerica
548 1071 675 1130 collecta
701 1079 772 1129 sunt
800 1091 870 1148 pag.
899 1073 928 1128 3.
956 1071 1006 1129 22.
1057 1071 1224 1132 Praeterea

101 1173 214 1250 legitur
240 1194 269 1229 v.
296 1173 353 1229 181
383 1165 424 1241 ὡς
453 1167 485 1228 δὲ
511 1169 593 1246 ίδεν,
622 1173 676 1231 sed
706 1173 883 1231 conferatur
906 1172 934 1226 Λ
957 1174 1032 1244 151,
1061 1172 1115 1230 ubi
1142 1173 1223 1232 idem

103 1293 209 1332 versus
240 1272 399 1341 exordium
427 1282 487 1347 est,
521 1293 704 1350 quamquam
733 1273 856 1332 omnino
887 1293 925 1330 ex
952 1273 1037 1330 hiatu
1065 1274 1098 1330 in
1127 1275 1224 1352 primo

102 1375 182 1452 pede
211 1374 403 1456 digammatis
431 1394 502 1432 usus
532 1375 731 1434 demonstrari
759 1395 822 1432 non
850 1382 961 1451 potest.
1013 1372 1061 1432 Ob
1090 1375 1221 1433 eandem

6 1468 8 1473 ’
103 1496 225 1535 causam
247 1494 348 1553 neque
370 1495 461 1534 versu
478 1476 516 1531 41
536 1469 568 1549 (η’
583 1469 656 1551 μέγα
672 1465 749 1544 εἶδος
765 1467 883 1551 ἀρίστη)
901 1483 1015 1533 eertum
1031 1474 1223 1552 digammatis

102 1577 266 1654 vestigium
288 1585 396 1635 exstat.
439 1577 604 1654 Proposuit
625 1577 852 1634 Baumeisterus
876 1572 960 1653 (pag.
978 1572 1051 1651 255)
1075 1576 1223 1635 hocloco

105 1679 197 1737 aliam
229 1676 391 1736 verborum
424 1677 668 1749 collocationem,
703 1698 766 1734 non
799 1685 861 1735 tam
895 1677 1011 1735 hiatum
1046 1677 1223 1750 evitaturuS,

104 1799 195 1858 quarn
211 1778 294 1856 quod
316 1777 396 1837 bene
418 1779 585 1849 intellexit,
610 1773 683 1855 μέγα
706 1799 773 1836 cum
795 1778 947 1836 adiectivo
970 1770 1074 1852 ἀρίστη
1096 1779 1224 1837 coniun-

107 1881 241 1959 gendum
265 1900 340 1938 esse.
386 1879 463 1950 Sed,
495 1881 521 1937 si
543 1879 618 1957 qnid
639 1879 745 1949 video,
770 1879 869 1936 noluit
892 1879 1001 1937 annius
1024 1878 1076 1936 ille
1097 1878 1225 1937 Homeri

103 1983 252 2052 imitator,
287 1981 340 2058 qui
374 1980 456 2038 hune
484 2001 606 2040 versum
634 1982 818 2058 composuit,
853 1979 1014 2038 formulam
1040 1979 1226 2039 homericam

104 2073 193 2158 (εἶδος
216 2074 338 2157 ἀρίστη)
365 2081 519 2152 dirimere,
551 2101 630 2159 quae
653 2083 809 2140 invenitur
832 2081 857 2135 Β
880 2082 992 2154 715μη
1016 2081 1071 2156 57;
1103 2081 1133 2136 Γ
1152 2081 1223 2139 124.

103 2185 128 2239 Ζ
151 2185 222 2241 252.
253 2182 286 2237 Ν
307 2183 378 2240 365.
403 2184 462 2240 378
489 2179 594 2258 (acc),
626 2183 654 2237 Γ
672 2185 722 2240 39.
753 2182 787 2237 Ν
808 2184 879 2240 769.
905 2182 1010 2238 Ρ142
1036 2176 1221 2259 (ἀριστε).“)

102 2284 212 2362 Itaque
233 2292 356 2362 praeter
370 2305 419 2341 vv.
437 2284 487 2340 44.
506 2285 579 2354 134,
605 2283 657 2341 ubi
679 2284 807 2361 legimus
832 2282 990 2340 formulam
1006 2277 1088 2339 κέδν’
1106 2280 1224 2340 εἰδυῖαν

103 2384 189 2465 εἰδοίΙ
230 2384 281 2461 (de
310 2405 371 2462 qua
399 2385 460 2443 vid.
488 2406 559 2463 pag.
589 2386 628 2442 22
657 2382 715 2462 sq.)
747 2405 827 2447 unus
855 2393 948 2442 restat
976 2406 1005 2441 v,
1035 2384 1074 2441 56
1104 2379 1156 2441 τὸν
1185 2380 1223 2458 δὴ

103 2484 202 2552 ἔπειτα
218 2483 326 2544 ἰδοῦσα
342 2483 535 2560 φιλομμείδης
549 2479 723 2562 Ἀφροδίτη,
748 2486 832 2543 cuius
849 2485 1059 2543 difficultatem
1076 2505 1140 2543 non
1162 2492 1222 2543 tam

106 2588 366 2664 facileexpedire
389 2607 521 2664 possum.
560 2586 623 2647 Sed
646 2607 684 2645 ex
705 2586 763 2644 hoc
784 2607 846 2644 uno
864 2587 1002 2662 exemplo
1019 2586 1083 2643 vivi
1106 2585 1220 2663 digam-

103 2690 193 2747 matis
216 2708 288 2747 usus
311 2687 396 2745 nullo
420 2686 510 2745 modo
535 2687 736 2746 demonstrari
759 2695 869 2763 potest.

186 2791 224 2848 In
257 2799 431 2848 transcursu
464 2797 583 2848 tantum
611 2809 735 2859 monce,
771 2789 969 2865 compositum
998 2783 1220 2863 ἐπιοινοχοεύοι,

104 2893 187 2970 quod
214 2892 328 2968 legitur
356 2913 385 2948 v.
415 2891 490 2961 204,
527 2911 589 2948 non
617 2891 712 2966 magis
740 2889 881 2947 adhiberi
910 2910 998 2966 posse
1027 2889 1067 2948 ad
1098 2891 1221 2949 demon-

103 2992 262 3052 strandum
291 2992 482 3068 digammatis
510 3012 611 3062 usum,
642 3010 732 3068 quam
761 2991 945 3050 adioetivum
968 2986 1111 3048 έπιοίνιον
1139 2992 1221 3069 apud

28 3125 37 3137 .
104 3094 319 3172 Theognidom
344 3089 384 3167 (v.
409 3090 495 3167 971).
546 3092 655 3169 Neque
683 3093 840 3170 proprium
862 3094 945 3150 vocis
968 3082 1046 3160 οἶκος
1070 3077 1223 3170 digamma

58 3218 61 3224 ·
105 3196 307 3255 demonstrari
330 3200 431 3271 potest
454 3213 582 3250 eversu
606 3195 647 3250 30
668 3191 721 3249 καί
741 3212 770 3250 τε
791 3188 869 3271 μέσῳ
892 3189 972 3272 οἴκῳ.

91 3326 93 3330 ⁴
187 3297 275 3355 Haec
290 3297 350 3353 iam
366 3316 402 3354 ea
418 3304 489 3352 sunt
503 3294 666 3365 vocabula,
691 3314 769 3371 quaa
786 3295 1057 3376 olim'digammate
1072 3294 1222 3356 instructa

103 3395 197 3456 fuisse
220 3405 349 3471 constat.
388 3396 507 3472 Quibus
531 3417 567 3454 ea
589 3418 672 3454 nune
695 3396 820 3466 addam,
846 3416 924 3473 quae
948 3397 1039 3455 aliam
1055 3417 1221 3456 consonam

103 3500 252 3559 initialem
274 3500 408 3557 amisisse
431 3499 496 3557 veri
519 3499 557 3555 sit
580 3498 774 3556 simillimum.

190 3599 219 3677 1)
243 3600 271 3657 E
300 3601 402 3660 radice
435 3598 464 3657 ίκ
499 3596 573 3674 (jur)
610 3600 787 3658 derivantur
815 3599 975 3684 adiectiva·
998 3595 1155 3670 ἐπιείκελος
1191 3612 1221 3660 et

103 3696 260 3775 ἀεικέλιος,
284 3722 362 3778 quae
379 3710 542 3759 occurrunt
557 3702 676 3767 nala.
695 3703 764 3758 136.
803 3701 865 3760 Sed
887 3683 1048 3779 utrumque
1071 3703 1132 3760 iam
1147 3705 1221 3761 satis

104 3812 209 3861 notum
232 3812 278 3862 est
300 3824 338 3862 ex
351 3803 497 3862 Homero.
535 3801 679 3874 Accedit,
704 3803 786 3879 quod
810 3797 967 3872 ἐπιείκελος
984 3804 1107 3862 omnino
1132 3804 1223 3863 aliter

107 3954 258 3963 n———--.
263 3959 286 3963 ..m
294 3957 306 3963 .-

170 4053 203 4119 u)
228 4056 393 4107 Conferatur
415 4055 441 4109 h.
465 4055 494 4106 in
516 4056 567 4122 Ap.
591 4054 670 4120 Pyth.
695 4059 743 4108 155
770 4053 843 4123 χειρί
871 4060 1054 4124 καταπρηνεῖ
1077 4044 1107 4107 δ’
1136 4053 1219 4110 ἔλασε

104 4128 214 4206 χθόνα,
234 4141 281 4189 ubi
299 4141 436 4205 particula
454 4135 488 4192 δέ
506 4143 588 4192 tertio
606 4141 667 4192 loco
685 4143 777 4205 posita
795 4146 850 4202 est,
868 4157 903 4191 ne
922 4141 1039 4192 formula
1058 4147 1218 4196 mutaretur.
