2746 4642
595 278 606 282 ,
625 187 737 282 811-

171 404 175 412 ·
196 378 343 456 Denique
366 398 464 455 pauca
487 378 568 436 addo
592 378 631 436 de
654 366 806 437 adieetivo
821 374 920 455 μέγας,
937 380 1029 456 quod,
1047 399 1231 456 quamquam

111 480 164 547 de,
185 481 296 540 emissa
328 500 463 539 consona
497 481 609 539 initiali
642 481 769 558 cogitari
802 501 865 539 non
898 490 999 558 potest
1032 478 1083 555 (of.
1109 480 1230 540 Curtius

110 602 182 659 pag.
208 579 299 658 294),
331 590 434 639 ταμιεῖα
463 583 585 659 saepius
613 583 696 660 apud
725 583 893 641 Homerum
916 581 1023 654 efficit,
1052 591 1087 640 ut
1109 591 1236 641 antece·
1348 654 1351 658 Δ

112 684 189 742 dens
217 683 334 742 vooalis
360 683 463 742 brevis
492 684 691 760 producatur,
724 686 853 766 maxime
882 685 914 741 in
943 685 1092 762 particula
1119 679 1153 740 δέ
1177 681 1229 759 (of.

111 785 136 840 Β
159 785 231 843 274.
258 786 328 844 196.
352 787 383 840 Λ
405 785 477 843 459.
501 786 531 839 Σ
552 787 601 843 27.
625 784 654 840 Φ
676 787 747 844 313.
771 784 863 862 328);
888 785 969 844 idem
991 787 1129 844 videmus
1151 787 1182 844 h.
1198 785 1229 844 h.

109 908 139 945 V.
166 887 226 946 156
250 883 316 944 τόδε
337 881 412 963 μέγα
434 889 550 962 θαῦμα.

269 1221 322 1286 Π.
365 1222 420 1287 lle
442 1222 573 1301 hymno
595 1223 634 1287 in
657 1220 861 1304 Apollinem
883 1222 1071 1302 Pythium.

196 1397 325 1456 Praeter
346 1398 494 1476 hymnum
517 1399 570 1475 qui
593 1407 639 1456 est
660 1399 693 1455 in
709 1398 872 1470 Venerem,
897 1398 999 1457 nullus
1017 1407 1070 1469 est,
1095 1401 1148 1476 qui
1163 1408 1228 1459 tan-

110 1508 174 1558 tum
197 1508 345 1577 quantum
367 1499 417 1558 hio
439 1501 527 1577 quasi
550 1500 686 1577 pendeat
707 1520 745 1558 ex
759 1499 904 1558 Homero.
941 1500 1021 1558 Nam
1037 1501 1075 1559 de
1091 1501 1229 1559 versibus

112 1604 171 1661 368
196 1603 326 1679 primum
348 1602 472 1680 quidem
494 1603 660 1680 triginta
683 1610 766 1660 octo
789 1603 834 1661 ita
854 1588 895 1661 'ex
916 1603 1016 1661 Iliade
1039 1610 1069 1660 et
1089 1600 1231 1681 Odyssea

112 1692 227 1782 recepti
248 1713 332 1775 sunt,
365 1713 398 1762 ut
420 1713 473 1763 aut
495 1705 580 1763 nulla
603 1713 656 1763 aut
684 1725 780 1782 parva
802 1705 928 1762 mutatio
952 1705 992 1762 sit
1014 1705 1106 1763 faeta.
1151 1704 1230 1762 Sunt
1302 1700 1306 1707 ’

111 1827 183 1864 vero
205 1805 252 1889 hl:
284 1804 336 1882 11)
362 1807 488 1865 Μοῦσαι
515 1801 570 1881 μέν
597 1800 632 1861 θ’
655 1802 718 1881 άμα
745 1812 840 1862 πῦσαι
866 1798 1058 1882 ἀμειβόμεναι
1084 1799 1134 1862 ὀπὶ
1155 1809 1230 1886 καλή
1286 1785 1288 1791 ¹

110 1933 152 1959 =
174 1928 197 1964 ω
214 1910 254 1967 60
279 1901 320 1982 (δ’
346 1903 432 1965 έννέα
453 1906 572 1984 πῦσαι).
595 1941 637 1949 -
667 1904 719 1983 18)
744 1900 877 1983 ὀρχεῦντ’
901 1899 1035 1982 άλλήλων
1057 1901 1105 1964 ἐπὶ
1126 1911 1232 1988 καρπῷ

112 2012 210 2085 χεῖρας
238 2004 358 2084 έχουσαι
385 2009 490 2068 ΞΣ
514 2011 575 2068 594
605 2003 760 2086 (ὠρχεῦντ’
792 2053 798 2066 .
829 2052 836 2065 .
867 2052 873 2066 .
900 2052 909 2078 ,
938 2005 1075 2086 ἔχοντες).
1104 2043 1146 2050 —
1175 2007 1227 2085 52)

103 2107 269 2188 ’Όγχηστον
296 2104 326 2166 δ’
356 2102 432 2184 ἷξες,
461 2109 629 2186 Ποσιδήϊον
655 2105 768 2189 άγλαδν
795 2108 886 2182 άλσος
908 2135 950 2161 =
973 2113 997 2167 Β
1020 2112 1080 2170 506
1111 2109 1175 2186 (pro
1198 2105 1228 2167 d'

112 2203 185 2284 ἷξεςε
214 2207 252 2268 θ’
277 2201 380 2289 ἱερόν).
403 2247 445 2253 -
469 2211 521 2289 68)
547 2220 620 2289 στής
642 2209 676 2271 δέ
697 2209 767 2289 μάλ’
792 2208 861 2291 ἄγχ’
885 2207 979 2290 αότής
1006 2212 1059 2271 καί
1084 2234 1136 2289 μιν
1157 2209 1229 2288 πρὸς
1350 2217 1353 2222 ’

110 2317 213 2389 μῦθον
242 2310 334 2384 ἐειπες
360 2339 403 2365 =
425 2318 456 2372 Λ
484 2317 546 2374 429
578 2313 647 2392 (στή
675 2311 709 2373 δέ
735 2311 807 2391 μάλ’
832 2312 919 2393 ἐγγύς
947 2313 1014 2393 ιἰόν)
1045 2317 1084 2374 of.
1109 2314 1134 2371 Θ
1158 2317 1229 2374 280.
1321 2307 1327 2322 ’

113 2417 201 2476 Β59.
229 2417 325 2476 Ψ68.
350 2417 382 2472 Η
395 2418 446 2476 46.
469 2450 511 2458 —-
535 2417 608 2495 133)
633 2413 763 2476 Κέκλυτέ
783 2439 840 2493 μευ
861 2414 971 2486 πάντες
994 2438 1024 2474 τε
1046 2413 1113 2474 θεοὶ
1134 2415 1234 2474 παῖσαί

112 2540 141 2576 τε
169 2514 292 2576 θέαιναι
313 2543 355 2569 =
378 2517 404 2575 Θ
426 2519 455 2578 5,
488 2521 514 2575 T
534 2521 604 2578 101.
627 2554 669 2561 -
692 2523 764 2579 171.
789 2518 870 2596 172)
886 2513 951 2576 άλλ’
981 2514 1029 2576 ότε
1057 2514 1095 2593 δή
1125 2515 1230 2588 νύκτες
1276 2508 1281 2515 ’

112 2641 141 2678 τε
168 2617 219 2677 καὶ
240 2613 347 2697 ήμέραι
370 2617 550 2692 ἐξετελεῦντο
572 2617 620 2694 άψ
642 2617 882 2699 περιτελλομένου
906 2617 981 2690 έτεος
1004 2617 1054 2677 καὶ
1076 2616 1231 2695 ἐπήλυθον

112 2713 187 2799 ιόραι
212 2744 256 2773 =
281 2725 297 2779 λ
320 2723 391 2781 294.
420 2724 481 2780 295
508 2747 550 2772 =
572 2724 587 2795 ξ
611 2726 682 2783 293.
712 2726 773 2783 294
804 2722 872 2802 (pro
901 2720 1020 2792 νύκτεςι
1048 2719 1165 2797 μήνες).
1189 2756 1230 2762 -

114 2822 188 2900 192)
199 2818 262 2892 Ὣς
285 2818 356 2897 φάτ’
381 2820 590 2900 ἐπευχόμενος·
614 2822 669 2901 τήν
686 2812 719 2882 δέ
734 2823 835 2895 σκότος
851 2822 922 2882 όσσε
937 2821 1055 2896 κάλυψε
1069 2846 1112 2875 =
1131 2824 1229 2882 Y393

115 2922 179 3000 (τὸν
201 2919 258 3002 δέ).
281 2959 323 2966 —
346 2924 420 3003 200)
443 2930 558 2986 ελ68.
583 2962 624 2967 -
647 2927 721 3005 245)
746 2908 795 2986 καὶ
818 2924 932 3003 Θρύον,
959 2919 1106 3000 Ἀλφειοῖο
1126 2922 1230 3000 πόρον,

112 3024 163 3084 καὶ
190 3023 324 3084 ἐύκτιτον
351 3017 436 3084 Αἶπυ
457 3024 500 3078 ὲ.-
523 3029 548 3084 Β
573 3031 643 3087 592.
667 3062 709 3070 —-
732 3029 805 3106 248)
835 3022 889 3104 ήδὲ
917 3020 988 3103 παρ’
1010 3024 1121 3083 Ἤλιδα
1149 3024 1230 3100 δῖαν,

113 3123 166 3186 ὅθι
188 3124 363 3204 κρατέουσιν
381 3122 494 3208 Ἐπειοί
512 3154 555 3180 =
575 3150 590 3186 ο
607 3132 678 3188 298.
701 3164 742 3171 -
766 3129 840 3206 249)
865 3120 929 3188 εύτε
952 3124 1049 3205 Φεράς
1072 3124 1231 3204 ἐπέβαλλεν

113 3224 296 3307 ἀγαλλομένη
320 3227 392 3300 Διὸς
415 3227 495 3309 ούριγ
516 3255 558 3280 =
580 3251 596 3288 ο
618 3233 678 3289 297
704 3227 735 3306 (ή
758 3227 791 3288 δέ
814 3227 911 3308 Φεράς
935 3227 1095 3306 ἐπέβαλλεν
1117 3225 1229 3306 ἐπειγο-

113 3327 187 3407 μένη
205 3328 276 3402 Διὸς
299 3328 445 3412 οόρῳ).’0)
468 3367 510 3374 -
533 3331 608 3409 251)
634 3331 792 3409 Δουλίχιόν
814 3354 844 3390 τε
867 3329 954 3408 Σάμη
977 3354 1006 3390 τε
1028 3329 1078 3390 καὶ
1100 3326 1230 3407 ὑλήεσσα

115 3430 277 3502 Ζάκυνθος
299 3456 341 3484 =
363 3455 374 3490 ι
397 3435 447 3493 24.
469 3467 512 3477 -
534 3435 606 3493 256.
631 3433 705 3510 257)
729 3431 837 3512 λάβρος
860 3424 1024 3512 ἐπαιγίζων
1047 3431 1076 3506 ἐξ
1098 3429 1230 3509 αἰθέρος,
1336 3446 1342 3459 ·

113 3531 193 3612 όφρα
221 3532 342 3611 τάχιστα
369 3543 445 3611 νηῦς
473 3529 593 3594 άνύσειε
616 3531 730 3593 θέουσα
752 3532 908 3611 θαλάσσης
930 3530 1063 3612 ἁλμυρὸν
1085 3532 1167 3613 ὕδωρ
1188 3559 1232 3587 =
1330 3615 1331 3618 Ἴ

114 3656 129 3692 ο
158 3639 230 3726 293.
261 3638 321 3694 294
352 3634 476 3715 (λάβρον
509 3634 692 3714 ἐπαιγίζοντα
725 3631 767 3693 δι’
796 3632 941 3713 αἰθέρος).
970 3671 1012 3677 -
1042 3636 1116 3714 271)
1146 3631 1231 3712 άνέρι

115 3736 263 3822 εἰδόμενος
291 3737 382 3820 αἰζηῷ
410 3759 439 3797 τε
467 3745 596 3820 κρατερῷ
618 3759 648 3797 τε
668 3762 713 3788 =
734 3739 769 3794 Π
789 3741 849 3797 716
875 3734 1066 3814 (εἰσάμενος).
1089 3772 1132 3779 -
1154 3736 1228 3814 273)

115 3837 167 3896 καί
197 3855 290 3914 σφεας
325 3838 468 3917 φωνήσας
496 3837 566 3898 έπεα
594 3837 751 3918 πτερόεντα
779 3837 937 3917 προσηύδα
963 3864 1006 3890 =
1035 3841 1063 3894 Δ
1090 3840 1161 3897 284.
1189 3873 1231 3880 -

184 4072 215 4138 ¹⁰)
234 4074 275 4124 Ad
293 4091 319 4126 v.
337 4076 469 4125 100-103
488 4075 525 4125 ef.
546 4092 555 4124 ι
573 4076 636 4139 275,
655 4076 702 4124 ubi
716 4073 865 4139 Cyelopum
884 4089 973 4124 mores
992 4072 1118 4124 similiter
1135 4074 1230 4141 depin-

114 4163 223 4223 guntur.
455 4180 458 4185 ·
