2746 4642
690 219 730 279 37

119 450 129 483 <
154 416 270 488 partem
298 409 336 467 ab
366 410 473 468 eodem
500 419 592 487 poeta
619 410 788 486 profectam
817 430 897 483 esse,
933 419 964 468 at
992 444 1032 451 —
1062 411 1122 470 alio
1152 412 1269 472 ordine.
1356 418 1359 425 '

154 511 245 588 Quod
261 507 263 510 ’
278 511 367 570 certis
400 513 586 589 argumentis
620 511 822 570 demonstrari
856 520 966 590 potest.
1020 512 1156 571 Primum
1190 515 1271 572 enirn

153 613 357 692 suspicionem
385 620 501 683 movet,
532 611 616 689 quod
644 613 710 670 sine
739 613 802 669 ulla
825 621 890 670 arte
913 611 950 669 ab
974 612 1089 672 aliare
1111 613 1151 671 ad
1179 615 1271 673 aliam

153 715 307 772 transitur.
362 712 442 772 Nam
470 723 694 790 exspectamus,
730 721 799 790 post
825 734 855 770 v.
886 714 926 768 24
953 714 1056 771 statim
1084 712 1116 772 id
1146 717 1268 791 exponi,

153 814 235 892 quod
256 834 347 873 versu
364 816 402 871 22
418 815 621 891 significatur5
646 813 701 874 sed
723 815 861 891 sequitur
876 815 1011 874 narratio
1028 813 1067 873 de
1089 816 1270 873 inventione

153 916 296 977 citharae.
336 913 423 992 Quae
446 913 499 973 uhi
520 915 607 972 finita
630 924 689 986 est,
713 937 743 972 v.
767 917 805 971 62
830 914 995 973 admodum
1018 914 1125 974 duram
1146 903 1267 974 senten-

152 1018 224 1075 tiam
245 1017 374 1093 legimus
398 1012 460 1092 (καὶ
483 1011 517 1072 τὰ
539 1011 595 1093 μὲν
617 1006 673 1073 οὖν
693 1011 775 1092 ἤειδε
798 1011 832 1071 τά
856 1011 889 1071 δὲ
908 1011 1015 1092 φρεσὶν
1034 1012 1108 1073 άλλα
1122 1014 1267 1093 μενοίνα),

153 1138 212 1196 qua
234 1118 379 1176 transitus
402 1125 527 1194 paratur
542 1116 582 1175 ad
605 1116 741 1176 fabulam
763 1117 847 1175 illam
864 1117 901 1175 de
917 1117 1026 1192 rapina
1048 1115 1153 1189 bourn,
1179 1137 1270 1195 quam

153 1239 243 1298 aegre
271 1219 395 1277 ferimus
420 1238 483 1276 non
508 1227 600 1277 antea
623 1218 748 1277 allatam
776 1236 851 1276 esse.
902 1216 1058 1275 Videntur
1085 1218 1180 1290 enim,
1211 1219 1270 1276 nisi

154 1320 258 1391 fallor,
282 1320 332 1377 isti
350 1338 454 1378 versus
473 1316 525 1394 (62
536 1351 571 1360 ...
583 1317 635 1395 67)
654 1318 691 1377 ab
708 1338 744 1376 eo
761 1317 872 1377 adiecti
890 1337 969 1389 esse,
995 1319 1047 1395 qui
1069 1327 1167 1377 toturn
1188 1319 1270 1378 hunc

152 1422 299 1500 hymnum
323 1421 556 1491 consarcinavit.
989 1420 1005 1432 '

238 1521 301 1582 Sed
315 1523 445 1581 maxime
457 1522 652 1581 confirmatur·
666 1522 741 1580 haec
753 1542 821 1580 mea
836 1522 940 1599 opinio
957 1522 1133 1597 gravissima
1143 1520 1269 1598 Apollo-

154 1624 218 1684 dori
246 1623 441 1694 auetoritate,
472 1624 525 1700 qui
555 1621 618 1699 (III
643 1625 696 1694 10,
728 1622 759 1698 2)
790 1622 910 1680 fabulas
940 1622 1027 1679 affert
1056 1630 1119 1680 tam
1146 1623 1268 1694 similes,

153 1735 184 1784 nt
211 1732 372 1803 appareat,
403 1744 472 1782 eum
499 1724 582 1782 huno
610 1723 758 1801 hymnum
781 1732 833 1780 aut
860 1723 1046 1780 simillimum
1069 1730 1142 1780 anto
1165 1723 1268 1781 oeulos

153 1826 303 1886 habuisse.
342 1825 403 1884 Sed
426 1846 494 1883 cunr
517 1826 581 1883 eius
604 1825 739 1883 narratio
764 1825 855 1882 etiam
877 1824 909 1880 in
933 1823 1064 1880 minimis
1088 1823 1178 1881 rebus
1202 1845 1269 1882 cum

152 1927 208 1986 boo
229 1927 344 2004 hymno
367 1919 594 2000 conveniatffl),
627 1945 661 1983 eo
686 1925 808 2002 gravius
832 1932 891 1994 est,
924 1923 1006 2000 quod
1034 1924 1067 1980 in
1089 1923 1179 1982 rebus
1203 1927 1267 2002 qui-

152 2027 278 2086 busdam
300 2026 464 2086 maioribus
488 2026 526 2085 ab
551 2046 586 2084 eo
607 2025 732 2084 recedit.
769 2024 817 2082 Ne
840 2025 951 2101 longus
967 2025 1037 2094 sim,
1061 2023 1268 2102 Apollodorus

152 2130 240 2194 boum
263 2130 401 2206 rapinam
429 2129 513 2207 prius
535 2137 653 2199 narrat,
684 2147 774 2205 quarn
798 2126 933 2184 citharae
956 2126 1182 2197 inventionem,
1213 2127 1268 2185 sed

153 2233 261 2291 omittit
293 2231 428 2289 fabulam
461 2230 545 2288 illam
575 2229 613 2287 de
645 2248 719 2287 sene
748 2225 929 2298 Onchestio,
964 2246 1055 2303 quam
1088 2227 1267 2304 antiquioris

151 2334 291 2394 carminis
313 2333 467 2410 propriam
490 2351 556 2390 esse
579 2351 671 2408 supra
695 2329 978 2389 demonstravimus.
1021 2327 1109 2403 Quae
1133 2349 1201 2386 cum
1224 2329 1267 2387 ita

152 2436 226 2506 sint,
251 2433 325 2492 mihi
346 2433 423 2491 haee
438 2452 550 2509 magna
566 2452 633 2489 cunr
655 2428 871 2508 probabilitate
888 2428 981 2486 statui
1003 2446 1092 2504 posse
1108 2427 1267 2487 videntur:

158 2533 187 2612 1)
210 2533 433 2613 Apollodorum
456 2554 519 2592 non
547 2553 668 2611 prorsus
692 2532 800 2591 eodem
820 2531 935 2610 hymno
959 2548 1045 2586 usum
1068 2547 1148 2601 esse,
1178 2548 1268 2606 quem

153 2657 206 2697 nos
218 2657 300 2694 nunc
311 2635 472 2711 habemus3
490 2636 546 2695 sed
561 2637 655 2694 fuisse
670 2636 750 2693 ineo
765 2633 856 2691 huius
870 2631 978 2710 hymni
993 2649 1097 2688 versus
1111 2630 1265 2701 68-183,

154 2739 285 2795 24-61
310 2746 353 2808 et,
378 2738 437 2794 nisi
459 2737 563 2808 fallor,
588 2738 748 2795 maximam
769 2743 888 2811 partem
910 2752 1013 2790 eorum
1035 2749 1190 2802 versuum,
1215 2732 1267 2809 qui

154 2837 224 2897 inde
247 2859 265 2896 a
286 2859 315 2895 v.
340 2839 400 2896 293
423 2858 519 2915 usque
542 2838 582 2896 ad
603 2837 695 2895 finem
715 2837 870 2912 leguntur.
895 2865 931 2872 -
967 2830 997 2908 2)
1021 2831 1088 2889 Iam
1110 2831 1265 2904 accidisse,

153 3062 277 3139 ἄφραστ’
295 3073 336 3121 80.
356 3061 466 3136 άνόητα
484 3072 525 3120 80.
545 3063 679 3121 διέπλεκε
700 3072 741 3120 80.
764 3060 904 3130 θαόματα
923 3068 964 3115 80.
987 3055 1205 3129 μυρσινοειδέας
1223 3066 1264 3116 81.

154 3146 279 3220 ἄγκαλον
297 3157 338 3205 82.
358 3145 528 3221 ὁδοιπορίην
546 3157 587 3204 85.
613 3145 747 3211 σκάπτεις
766 3154 807 3201 90.
827 3140 1022 3214 ἐπικαμπύλος
1041 3151 1082 3200 90.
1102 3140 1266 3212 [πολυοινή-

153 3253 209 3299 σεις
228 3235 282 3306 90]
307 3229 494 3306 καταβλάπτῃ
512 3242 552 3289 93.
575 3228 709 3290 συνέσευε
728 3238 770 3286 94.
795 3226 925 3292 αὐλῶνας
943 3236 984 3285 95.
1007 3221 1112 3298 ὄρθρος
1131 3235 1172 3283 98.
1196 3224 1265 3298 ὑψι-

152 3318 298 3388 μέλαθρον
317 3325 374 3373 103.
399 3311 500 3374 αόλιον
520 3325 578 3374 103.
603 3311 707 3387 ληνοός
726 3323 783 3370 104.
807 3311 963 3384 ἐπεφόρβει
984 3319 1038 3369 105.
1066 3309 1189 3381 ἕπε’λεψε
1209 3320 1265 3367 109.

152 3405 316 3474 κατουδαίῳ
331 3409 388 3455 112.
410 3400 531 3472 [πυρήια
550 3408 605 3454 111.
626 3396 754 3456 άνὲδωκε
767 3401 846 3466 ibid]
867 3393 1032 3468 ἐριβρόχους
1052 3403 1107 3452 116.
1126 3391 1266 3466 γεράσμια

154 3495 208 3544 122,
228 3483 433 3559 καταστυφέλῳ
454 3493 509 3539 124.
526 3481 712 3555 πολυχρόνιοι
727 3491 782 3537 125.
802 3479 837 3537 τά
850 3477 953 3552 μέταζε
968 3487 1016 3535 125
1027 3483 1073 3548 (l).
1094 3475 1266 3550 χαρμόφρων
1305 3492 1308 3497 ’

154 3578 209 3625 127,
228 3572 406 3639 πλαταμῶνα
426 3577 481 3626 128.
502 3572 599 3639 φωρῆς
618 3576 674 3623 136.
695 3562 830 3623 οὐλόποδ’
851 3573 907 3620 137.
931 3569 1121 3634 κληροπαλεῖς
1141 3571 1197 3619 129.
1217 3561 1265 3618 ori-

153 3649 296 3725 λοκάρηνα
310 3661 366 3711 137.
386 3649 580 3723 κατεδάμνατ’
590 3660 645 3708 137.
666 3647 784 3722 ὄρθριος
798 3658 854 3705 143.
875 3651 1039 3718 δοχμωθείς
1050 3654 1105 3702 146.
1125 3642 1265 3717 κλήιθρον

153 3745 208 3796 149.
233 3733 397 3809 σπάργανον
416 3745 472 3792 151.
497 3734 689 3807 φηλητεύσειν
708 3742 764 3790 159.
787 3731 945 3804 ταρβαλέον
965 3737 1020 3786 165.
1045 3726 1188 3800 ἀδώρητοι
1209 3737 1264 3784 168.

152 3817 262 3878 άλιστοι
281 3829 337 3877 168.
356 3821 492 3878 πλοόσιον
512 3829 568 3877 111.

218 3910 250 3974 31)
271 3911 466 3977 Singula'nolo
486 3909 598 3972 afferre3
622 3908 782 3974 Apollodori
805 3907 891 3957 verba
914 3906 1089 3954 Hermannus
1107 3903 1135 3950 in
1153 3903 1264 3966 praefa-

152 4000 227 4046 tione
246 3997 283 4062 (p.
302 3995 404 4058 xnllr)
425 3994 579 4068 adscripsit.
616 3993 695 4055 Quod
718 4008 801 4058 supra
825 3991 922 4051 affero,
946 4004 1002 4038 non
1019 4002 1117 4037 novum
1137 3991 1192 4047 est,
1216 3987 1265 4035 sed

152 4081 223 4131 idem
241 4082 296 4130 iarn
314 4081 473 4130 Hermanno
491 4079 519 4127 in
537 4081 657 4128 mentem
675 4078 765 4140 venit,
789 4076 847 4141 qui,
858 4081 949 4125 tamen
973 4072 1040 4123 dicit
1064 4086 1093 4123 se
1112 4075 1210 4138 postea
1229 4071 1263 4122 ab

150 4164 204 4216 hae
223 4165 363 4216 sententia
381 4167 539 4215 revocatum
559 4177 618 4213 essa
638 4161 673 4228 (p.
691 4159 800 4226 XLVI).
