2746 4642
719 174 724 200 Ι

622 217 662 280 41

89 402 169 471 mina
199 411 352 472 homerica
382 413 535 471 numerari
563 432 663 490 posse.
708 413 773 473 Neo
801 423 903 474 tomen
931 413 1056 491 propius
1086 409 1204 470 aceedit

88 513 136 572 hie'
158 514 290 593 hymnus
313 514 353 573 ad
376 513 691 591 genus‘Hesiodeum3
716 536 795 589 nam,
820 517 880 575 nisi
902 515 963 575 alia
985 535 1033 573 me
1048 513 1203 590 fugerunt,

87 614 162 674 haee
189 623 308 673 tantum
337 635 375 673 ox
396 615 533 674 Hesiodo
561 625 681 694 sumpto
710 638 775 677 esse
798 618 957 676 videntur:
988 614 1061 691 243)
1086 621 1149 690 γνοῖ
1173 605 1202 693 δῖ

87 709 153 772 οὐδ’
182 709 337 791 ηγνδίησε,
366 716 485 794 Theog.
515 716 574 774 551
606 713 673 794 (pro
702 712 749 777 δ’;
780 712 835 795 ῤ’).
862 751 905 760 -
932 714 1006 792 367)
1036 712 1206 792 Κρονίωνα,

88 819 170 874 θεοῖν
193 813 363 894 σημάντορα
385 814 517 892 πάντων,
541 816 624 876 Sout.
642 818 681 877 56
698 816 800 895 (dat).
824 851 866 862 —-
889 816 962 894 375)
988 810 1088 891 οὕνεχ’
1113 809 1128 871 ὁ
1151 810 1205 890 μὲν

88 912 169 996 τέρεν
190 914 288 989 ίίνθος
312 914 368 994 ἔχει
390 913 564 993 φιλοκυδέος
586 914 675 995 ἥβης,
699 922 738 978 cf.
762 921 880 997 Theog.
905 920 965 978 988
991 915 1055 994 (τόν
1077 914 1115 994 ῥα
1136 911 1206 974 νέον

89 1015 168 1097 τέρεν
190 1014 288 1089 δίνθος
312 1013 407 1096 ἔχοντ’
432 1015 581 1098 ἐρικυδέος
603 1016 705 1099 ἥβης).

174 1137 236 1197 Sed
259 1138 429 1197 recentiore
452 1147 552 1198 aetate
575 1148 648 1198 nata
672 1160 751 1212 esse,
780 1159 989 1218 quaecumque
1011 1138 1070 1197 hoo
1091 1137 1205 1216 hymno

92 1241 255 1298 coniuncta
276 1248 361 1312 sunt,
387 1261 424 1298 ex
446 1241 575 1318 singulis
599 1240 781 1318 quibusdam
804 1241 893 1300 rebus
917 1241 1020 1318 colligi
1042 1247 1151 1317 potest.

174 1356 204 1434 1)
228 1356 320 1415 Nullo
349 1359 415 1416 loeo
445 1359 567 1435 plenior
594 1359 691 1416 forma
709 1351 845 1436 Ἑρμείας
867 1366 1015 1437 usurpata
1039 1366 1097 1429 est,
1127 1375 1206 1434 quae
1278 1446 1280 1451 ,
1319 1372 1323 1380 ·

62 1479 64 1484 ’
89 1479 180 1537 saepe
209 1458 292 1536 apud
321 1459 501 1530 Homerum,
536 1459 630 1518 semel
659 1460 742 1538 apud
771 1459 941 1519 Hesiodum
969 1458 1063 1542 (Opp.
1082 1457 1133 1534 68)
1158 1478 1204 1516 oo·
1347 1447 1349 1452 ¹

90 1562 193 1618 ourrit.

172 1677 204 1754 2)
228 1678 323 1756 Apud
338 1679 504 1737 Homerum
522 1696 686 1755 numquam
702 1677 760 1737 hae
776 1680 892 1737 formae
908 1686 1082 1737 contractae
1098 1679 1204 1754 legun·
1325 1739 1327 1744 ,

90 1769 151 1838 tur:
176 1776 230 1856 ὅρη
254 1776 296 1853 (v,
320 1775 384 1856 95),
409 1785 476 1848 φοίς
500 1775 542 1853 (v.
565 1777 650 1854 402),
675 1774 746 1857 έσση
771 1777 813 1855 (v.
838 1777 905 1855 34),
931 1774 1029 1835 ἐδύνω
1054 1775 1095 1853 (v.
1119 1777 1205 1854 405),

91 1877 157 1960 έρχη
181 1878 223 1957 (v.
249 1879 337 1956 156),
363 1877 417 1937 οἴω
441 1877 482 1955 (v.
509 1877 593 1955 156).

176 1997 207 2074 3)
248 1998 363 2058 Contra
399 2018 487 2056 usum
522 1997 709 2057 homericum
745 2000 935 2057 conformata
963 2005 1056 2056 sunt:
1095 1993 1208 2091 ρ’ίλιστοι

93 2099 131 2172 (v.
157 2098 245 2175 168),
276 2093 417 2165 συνέσευε
441 2097 483 2176 (v.
508 2098 576 2176 94),
600 2102 714 2156 θᾶττον
738 2097 780 2175 (v.
805 2098 891 2176 255).
935 2099 1015 2158 Nam
1038 2100 1121 2178 apud
1142 2100 1206 2157 Ho-

91 2221 204 2259 merum
232 2201 447 2259 inveniuntur:
476 2197 665 2270 πολύλλιστος
690 2198 716 2276 (ε
738 2200 828 2276 445),
860 2195 1045 2275 ἐσσυμένως,
1074 2204 1204 2257 θοῒσσον.

91 2301 146 2360 His
170 2301 251 2360 addo
274 2302 403 2359 formam
423 2303 525 2376 κοῖλον,
549 2323 616 2360 eum
638 2301 722 2379 opud
744 2301 911 2360 Homerum
933 2301 1087 2360 sollemnis
1110 2303 1208 2360 forma.
1303 2317 1305 2321 ·

90 2403 128 2481 sit
149 2404 250 2477 μῆλον.
351 2457 354 2464 .

172 2537 401 2596 Adnotetio:
436 2537 554 2596 Paucas
590 2539 780 2596 coniecturas
814 2537 923 2596 affero:
958 2557 1048 2596 versu
1077 2538 1117 2596 85
1152 2557 1206 2617 pro

91 2631 263 2716 ὁδοιπορίην
295 2631 436 2696 ἀλεείνων
468 2637 635 2716 legendum
666 2648 711 2696 est
739 2631 783 2695 δδ.
812 2631 1006 2714 ἀλεγύνων
1035 2635 1087 2713 (ef.
1118 2637 1207 2696 codd.

90 2740 158 2798 leot.
182 2740 222 2799 ad
245 2761 273 2798 v.
297 2737 383 2815 361).
428 2739 542 2798 Versus
566 2741 605 2798 86
628 2741 671 2798 sio
693 2740 899 2799 restituendus
923 2750 982 2799 est:
1006 2729 1054 2795 olei
1077 2732 1104 2794 τ’
1129 2734 1206 2796 ἐττει-

90 2838 211 2918 γόμενος
234 2836 355 2916 δολιχὴν
377 2835 448 2898 ὁδὸν
470 2830 576 2910 αὖτις
601 2833 744 2897 ὀπίσσω
769 2837 836 2918 (pro
860 2840 949 2899 eodd.
972 2841 1041 2899 leet.
1064 2832 1206 2917 αὐτοπρε-

91 2938 147 3018 τὴς
176 2936 232 3014 δίς,
263 2941 316 3001 sed
344 2943 382 3000 ef.
405 2943 475 3001 leet.
498 2963 593 3020 marg.
617 2943 685 3022 ηαδ.
709 2939 760 3019 L).
806 2942 905 3000 Versu
929 2941 990 2998 315
1018 2961 1072 3018 pro
1101 2936 1208 3015 φωνην

90 3043 255 3122 legendum
277 3051 323 3102 est
344 3050 450 3119 φοίρα
475 3040 527 3119 (ef.
551 3043 639 3102 codd.
663 3043 732 3102 leet.
757 3043 797 3103 ad
818 3040 955 3119 v.136):
979 3062 1035 3115 „er
1056 3041 1140 3101 hatte
1163 3042 1208 3100 als
1252 3115 1254 3117 Ι

93 3145 151 3203 den
174 3144 352 3204 wirkliohen
367 3144 448 3203 Dieb
472 3145 557 3202 nieht
578 3146 632 3202 mit
647 3144 785 3204 Unreoht
808 3145 870 3204 den
884 3144 1014 3204 Hermes
1031 3143 1206 3222 ergriffen.“

92 3245 154 3304 sed
176 3254 256 3304 totus
278 3247 363 3304 loeus
385 3245 587 3322 interpolatus
611 3253 666 3303 est.

361 3577 423 3642 lv.
456 3576 510 3641 Be
532 3576 664 3656 hymno
687 3576 726 3641 in
747 3522 934 3641 Venerem.
963 3531 966 3535 ί

176 3750 268 3828 Quod
301 3751 497 3810 Hermannus
532 3751 609 3809 dixit
643 3748 759 3826 (Praef.
788 3770 860 3830 pag.
888 3748 1091 3826 LXXXIX),
1126 3749 1207 3809 huno

90 3853 237 3932 hymnum
260 3873 325 3912 esse
348 3849 470 3913 o'armen
492 3852 619 3912 Homeri
641 3853 765 3911 nomine
789 3851 1014 3929 dignissimum,
1039 3851 1207 3911 concedere

91 3975 153 4014 non
177 3973 313 4032 possum3
339 3953 438 4013 obstat
461 3955 541 4013 enirn
563 3953 725 4032 idipsum,
750 3953 842 4032 quod¹
855 3952 944 4012 nimis
966 3961 1012 4011 est
1026 3953 1205 4012 homericus

90 4055 136 4113 Ao
163 4056 294 4134 primum
321 4054 445 4132 quidem
473 4055 537 4114 fere
566 4055 652 4114 nulla
679 4056 848 4116 mutatione
877 4054 958 4114 faeta
979 4052 1114 4113 Homero
1137 4053 1206 4113 sub·

92 4157 174 4215 ducti
196 4165 268 4214 sunt
289 4156 434 4234 viginti
455 4176 577 4215 versus:
