2746 4642
126 391 233 450 codem
256 391 345 448 modo
370 390 516 466 explicari
544 397 654 466 potest.
706 380 767 447 sed
797 396 842 446 est
869 387 930 446 alia
954 384 1130 472 explicandi
1155 390 1241 461 ratio,

74 534 80 542 s
125 512 216 570 quam
230 491 434 549 Hoffmannus
456 490 616 562 indicavit,
640 511 710 548 cum
726 490 949 574 demonstraret
965 485 1048 567 (pag.
1063 489 1080 546 I
1097 491 1155 548 101
1173 487 1241 568 αα),

125 593 343 672 productiones
366 593 399 648 in
422 592 483 650 arsi
505 591 592 669 pedis
608 591 749 662 secundi,
775 591 800 648 si
823 598 1001 677 sequeretur
1016 610 1141 650 caesura
1156 593 1242 650 serni-

123 695 273 766 ternaria,
303 713 367 751 non
390 681 554 751 abhorrere
577 692 615 751 ab
638 713 695 750 usu
722 691 886 750 homerico.
931 692 1037 749 Potest
1061 698 1163 751 ta'men
1185 691 1243 750 hoc

124 795 232 855 Iliadis
257 794 428 870 exemplum
451 793 567 851 afferri:
591 789 695 868 τεύχεα
716 788 771 868 μέν
792 791 823 849 οἵ
841 795 935 849 νεῖται
960 789 1003 866 (Γ
1022 791 1106 867 195).

209 912 240 989 2)
266 913 445 971 'transimus
461 911 500 970 ad
519 910 651 969 radicem
667 909 736 970 δαδ.
775 911 899 979 Certum
915 911 1106 988 digammatis
1121 912 1242 987 signum

123 1014 327 1073 Hoffmannus
349 1035 378 1071 v.
404 1015 443 1071 10
466 1020 584 1071 exstare
608 1021 707 1089 putat:
738 1005 802 1068 ἁλλ’
832 1008 891 1087 dou
916 1010 946 1068 οἷ
970 1008 1092 1087 πόλεμοί
1114 1032 1143 1068 τε
1165 1007 1242 1069 δι’δον

123 1113 172 1172 ναὶ
201 1111 286 1191 ἔργον
306 1111 425 1190 Ἄρηος.
482 1113 544 1172 Sed
579 1115 644 1191 ipse
673 1114 732 1172 alio
762 1114 828 1172 loco
858 1110 941 1191 (pag.
970 1115 1008 1171 87
1039 1111 1097 1191 sq.)
1130 1113 1240 1186 docuit,

125 1237 281 1276 caesuram
309 1216 493 1274 trochaicam
520 1214 602 1274 tertii
631 1215 719 1293 pedis
742 1225 805 1273 tum
835 1223 953 1277 tantum
978 1215 1145 1288 debilitari,
1176 1237 1242 1274 curn

124 1327 192 1396 post
220 1319 311 1375 arsim
341 1318 442 1395 quarti
469 1317 557 1394 pedis
586 1318 683 1374 maior
710 1317 917 1394 interpunctio
946 1326 1034 1375 esset.
1086 1317 1153 1376 Iam
1175 1338 1242 1376 cum

93 1434 96 1453 ³
124 1440 181 1478 nec
204 1422 243 1477 sit
267 1419 473 1496 interpunctio
497 1420 592 1476 maior
615 1439 650 1476 eo
672 1419 753 1490 loco,
786 1419 823 1477 de
846 1439 905 1496 quo
930 1420 1060 1496 agimus,
1086 1428 1115 1478 et
1139 1421 1242 1479 exeis

124 1521 211 1592 locis,
237 1540 312 1597 quos
332 1521 398 1597 ipsc
413 1519 618 1579 Hoffmannus
635 1521 801 1598 congessit,
827 1519 887 1577 duo
910 1519 999 1578 huius
1015 1521 1076 1578 sint
1097 1521 1242 1579 simillimi

126 1619 163 1694 (B
178 1622 249 1679 216.
273 1621 301 1675 E
316 1619 406 1696 388),
432 1623 506 1679 mihi
529 1622 653 1699 quidem
675 1623 732 1679 iste
754 1622 934 1680 hiatusnon
957 1623 1060 1698 magni
1083 1623 1242 1680 faciendus

126 1742 191 1781 esse
213 1717 393 1798 videtursst).
438 1723 556 1781 Eadem
579 1724 676 1780 forma
698 1718 752 1779 ἅδε
776 1721 893 1780 duobus
917 1722 984 1779 aliis
1006 1723 1079 1780 locis
1103 1725 1240 1795 occurrit,

123 1845 152 1882 v.
178 1826 216 1882 18
247 1833 276 1882 ct
306 1823 359 1894 21,
391 1824 472 1881 inter
494 1843 569 1901 quos
593 1844 630 1882 ea
652 1823 816 1882 intercedit
838 1822 1018 1894 similitudo,
1050 1824 1133 1900 quod
1156 1834 1240 1884 ante·

81 1964 87 1978 .
124 1925 236 1984 cedens
251 1947 270 2004 p
285 1925 387 1983 littera
406 1926 629 2002 correptionem
644 1945 706 1982 non
729 1944 820 2002 passa
836 1933 881 1982 est
898 1921 947 2004 (τῇ
960 1919 1030 1999 ἅδε,
1054 1920 1147 2006 κούρῃ
1161 1920 1239 2002 ἅδε).

124 2026 186 2085 Sed
208 2035 340 2098 constat,
365 2048 384 2105 p
407 2028 530 2084 omnino
553 2048 621 2084 raro
643 2026 726 2105 apud
741 2026 909 2085 Homerum
924 2027 1034 2104 corripi
1059 2023 1110 2102 (cf.
1126 2026 1239 2085 Hoffm.

124 2125 143 2201 ξ
167 2125 232 2204 50).
272 2126 319 2186 Of.
344 2126 439 2186 Ode
463 2128 522 2186 327
546 2125 654 2208 κραδίῃ
676 2123 743 2184 ἅδοι
766 2121 962 2205 ἀμφοτέροιιν.
1000 2128 1117 2186 Vitium
1140 2130 1241 2189 inesse

124 2228 246 2286 videtur
268 2251 296 2287 v.
322 2231 353 2300 9,
385 2249 476 2306 quern
505 2230 625 2288 codices
648 2231 691 2286 sic
714 2228 875 2287 exhibent:
906 2223 1018 2306 οὐγὰρ
1041 2225 1149 2286 εὔαδεν
1172 2224 1241 2306 ἔργα

123 2326 310 2405 πολυχρύσου
336 2323 520 2406 Ἀφροδίτης.
575 2331 772 2389 Hermannus
801 2331 921 2407 scripsit
954 2324 989 2386 οὔ
1019 2327 1075 2406 γάρ
1102 2329 1133 2386 οἵ
1157 2325 1238 2388 ἅδεν.

125 2431 186 2490 Sed
201 2439 363 2508 utrumque
378 2440 504 2509 propter
519 2431 700 2509 particulam
714 2427 770 2508 γάρ
786 2431 966 2510 productum
981 2432 1033 2488 vix
1055 2431 1129 2490 ferri
1151 2438 1239 2508 posse

125 2541 212 2609 puto3
238 2534 342 2609 itaque
364 2533 445 2592 hanc
468 2533 672 2591 coniecturam
695 2552 849 2610 propono:
873 2525 908 2589 οὔ
931 2527 987 2615 γάρ
1009 2530 1039 2589 οἱ
1057 2527 1174 2589 εὔαδεν.

208 2648 239 2726 3)
264 2651 372 2728 Neque
389 2671 425 2709 eo
446 2651 532 2709 hiatu
553 2652 715 2728 quicquam
731 2651 874 2722 efficitur,
899 2652 951 2728 qui
975 2659 1020 2708 est
1041 2672 1070 2708 v.
1089 2652 1148 2710 139
1165 2629 1240 2708 οἵδέ

73 2801 76 2807 .
124 2749 155 2808 κε’
178 2772 219 2809 τοι
242 2750 353 2830 χρυσόν
375 2773 404 2810 τε
427 2748 518 2821 ἅλις.
563 2753 655 2823 Nam,
685 2761 834 2830 utsupra
858 2752 1000 2823 diximus,
1030 2760 1111 2810 totus
1134 2773 1238 2811 versus

124 2863 259 2932 sumptus
284 2864 329 2913 est
352 2875 390 2913 ex
411 2877 439 2913 v.
464 2845 533 2914 136.
570 2845 727 2913 Particula
749 2873 778 2910 τε
800 2856 921 2933 saepius
944 2854 986 2913 itu
1008 2851 1157 2912 collocata
1179 2863 1238 2914 est:

126 2955 157 3009 X
178 2956 248 3014 340.
272 2975 285 3012 ε
309 2957 359 3014 38.
381 2975 403 3011 π
427 2957 497 3014 231.
522 2977 537 3032 p
561 2957 632 3014 298.
656 2966 681 3029 ψ
705 2957 776 3014 341.

208 3070 240 3147 4)
264 3072 375 3130 Paucis
401 3082 520 3131 tantum
547 3075 621 3132 locis
643 3070 736 3149 ὔναξ,
764 3067 908 3131 ἀνάσσειν
933 3075 1055 3151 legitur.
1098 3072 1146 3132 Ac
1172 3075 1238 3134 iure
1306 3091 1310 3101 “

123 3175 183 3230 iarn
198 3171 402 3230 Hoffmannus
418 3175 551 3250 negavit,
569 3183 650 3232 certa
665 3174 855 3251 digammatis
871 3177 1001 3252 vestigia
1017 3177 1059 3234 eis
1076 3176 1237 3235 contineri.

123 3272 222 3329 Versu
251 3273 332 3329 enirn
359 3273 397 3329 92
429 3269 531 3349 (χαῖρε,
550 3267 674 3350 ὔνασσ)
704 3274 805 3333 hiatus
829 3277 934 3333 estin
962 3278 1057 3352 primo
1080 3277 1160 3355 pede
1185 3274 1237 3352 (cf.
1326 3269 1327 3272 ¹

123 3374 227 3449 y380.
250 3372 340 3442 3175
364 3366 436 3430 ἀλλὰ
458 3367 581 3448 dvuoo',
605 3376 637 3432 in
662 3377 690 3432 1.
706 3373 813 3451 pede),
840 3377 899 3432 112
924 3377 1079 3435 antecedit
1102 3379 1237 3454 genetivi

191 3642 224 3709 38)
243 3642 430 3692 Memorabilis
452 3642 501 3691 illa
524 3643 613 3692 forms
637 3633 743 3693 εὔαδεν
766 3642 838 3706 apud
856 3643 1002 3693 Homerum
1023 3643 1111 3693 tribus
1129 3649 1237 3694 tantum

124 3728 193 3776 locis
212 3729 316 3776 tradIta
336 3732 390 3776 cst:
410 3726 437 3783 Ξ
453 3729 503 3776 340
521 3718 587 3776 ε’νιεί
602 3717 637 3777 νῦ
655 3741 699 3776 τοι
718 3716 839 3792 εὔαδεν,
861 3728 884 3777 Ρ
900 3729 948 3778 647
968 3725 1050 3790 (idem
1069 3727 1146 3792 leg.)‚
1165 3743 1187 3777 π
1203 3731 1236 3778 28

125 3802 160 3868 ιδς
179 3804 232 3877 γάρ
250 3804 284 3862 νδ
302 3827 346 3861 τοι
365 3802 452 3862 εὔαδε
470 3809 565 3878 θυμῷ.
602 3810 730 3861 Videmus
748 3811 833 3876 igitur
845 3812 985 3875 antiquam
998 3811 1111 3861 formam
1125 3815 1153 3860 in
1167 3814 1237 3862 anti-

125 3910 178 3957 qna
200 3895 315 3944 formula
339 3901 475 3946 servatam
502 3911 574 3958 csse;
600 3895 634 3944 ad
658 3896 717 3945 eius
742 3895 882 3960 exemplar
904 3895 953 3945 illc
976 3896 1071 3959 hymni
1088 3896 1180 3960 locus,
1203 3896 1236 3946 de

125 3995 176 4041 quo
195 3994 277 4044 supra
297 3981 414 4044 egimus,
434 3982 599 4045 compositus
619 3985 670 4030 est.

192 4063 318 4112 Poteram
338 4064 409 4113 hunc
424 4064 539 4114 Hesiodi
556 4065 645 4114 locum
665 4064 773 4127 afferre,
793 4064 896 4130 Theog.
910 4066 959 4114 926
976 4055 1099 4116 πότνιαν
1116 4051 1133 4133 ᾖ
1153 4057 1235 4117 κέλα-

125 4148 174 4198 δοί
189 4165 219 4198 τε
238 4137 324 4213 δίδον,
344 4140 466 4214 πόλεμοί
481 4165 512 4199 τε
529 4141 621 4214 μάχαι
640 4165 669 4200 τε
689 4148 733 4213 (δε
752 4150 879 4200 Minerva
897 4151 948 4200 hoc
966 4149 1164 4214 praedicatur).

1015 4233 1036 4294 4
