2746 4642
216 391 248 469 2)
272 392 364 450 Vocis
392 387 469 463 ἀναξ
498 399 612 450 certum
641 392 832 469 digammatis
855 394 1018 470 vestigium
1041 394 1159 451 nullam
1181 367 1247 472 rep-

69 539 72 544 .
131 495 207 573 peri.
252 494 418 571 Repugnat
446 494 511 552 eius
540 494 725 572 restitutioni
747 484 776 551 v.
801 493 877 552 500:
907 496 1029 568 Λητοῦς
1052 488 1160 571 ἀγλαὸς
1183 491 1249 564 υίὸς
1311 505 1314 511 “

129 591 205 668 ἀναξ
229 589 271 652 ἔτι.
292 587 334 650 ’A.
358 603 388 652 et
411 594 486 665 574,
517 593 570 652 ubi
599 593 680 652 idem
708 589 889 653 vocabulum
917 589 1083 654 antecedit.
1130 595 1248 654 Ceteris

129 698 203 755 locis
227 694 382 755 antecedit
405 697 531 754 caesura
553 694 706 753 trochaica
729 695 788 752 ΠΙ.
812 687 901 773 pe‘dis
925 706 956 755 et
978 696 1099 776 syllaba
1119 697 1152 754 in
1167 698 1246 756 litto-

60 847 64 854 .
129 818 193 858 ram
215 799 431 876 paragogicam
455 796 615 855 desinens:
640 797 679 854 cf.
702 818 752 854 vv.
777 798 838 855 215
861 821 904 846 =
927 798 997 856 227.
1022 799 1094 857 333.
1118 799 1189 856 571.

213 897 245 976 3)
274 899 439 956 Nonnullis
471 898 547 956 locis
581 897 761 957 adverbium
787 893 852 967 ἅλις
879 900 1007 976 legitur3
1043 899 1099 959 sed
1128 900 1246 960 duobus

126 1002 202 1060 locis
225 995 316 1057 ἔνθεν
338 998 493 1058 antecedit
517 997 579 1074 (vv.
606 1001 674 1057 179.
698 998 789 1076 493),
822 1008 852 1058 ct
874 1020 935 1058 uno
959 996 1070 1077 χρυσόν
1085 998 1136 1077 (v.
1162 1000 1244 1077 180),
1330 1034 1334 1042 ·

128 1122 310 1182 quamquam
344 1121 380 1158 eo
408 1101 516 1159 Iliadis
549 1102 631 1173 loco,
669 1100 710 1160 ad
738 1102 824 1160 cuius
855 1103 1028 1180 exemplum
1055 1104 1113 1161 iste
1140 1122 1247 1161 versus

128 1205 310 1282 compositus
340 1211 399 1274 est,
429 1203 592 1280 vestigium
621 1203 813 1280 digammatis
842 1203 984 1286 praebct3
1015 1203 1078 1262 vid.
1101 1224 1172 1282 pag.
1197 1205 1246 1263 28.

126 1306 288 1364 Koehnius
312 1306 464 1364 existimat
486 1304 671 1362 adicotivum
692 1299 775 1373 ἀλιος
798 1324 865 1362 cum
888 1304 945 1362 hoc
968 1304 1114 1363 adverbio
1138 1305 1245 1364 coliae·
1295 1351 1297 1355 a

66 1432 69 1437 ·
128 1428 194 1467 rere
219 1404 303 1485 (pag.
329 1405 397 1483 18)!
465 1418 468 1423 ’
1139 1401 1142 1404 ⁴

161 1568 172 1580 ,
210 1507 243 1586 4)
267 1508 367 1567 Versu
383 1509 444 1567 306
459 1508 574 1566 tradita
596 1508 693 1566 fornia
715 1516 762 1566 est
777 1503 918 1583 ἐελμένος,
944 1527 1022 1585 quac
1037 1517 1139 1566 tamen
1156 1510 1246 1567 etiarn

126 1610 238 1688 legitur
258 1609 296 1692 N,
307 1609 369 1668 524
393 1605 449 1684 (M
459 1610 510 1667 38.
534 1609 564 1663 Σ
577 1607 661 1685 287).
706 1608 768 1668 Sed
791 1610 858 1668 sine
883 1609 975 1668 dubio
998 1610 1048 1667 hic
1070 1610 1155 1668 locus
1179 1631 1243 1667 cor-
1298 1682 1302 1689 Ι

127 1721 232 1790 ruptus
255 1721 311 1778 est.
349 1711 494 1769 Fortasse
518 1712 613 1769 eiecto
637 1729 735 1782 versu,
761 1696 817 1788 11111
829 1710 994 1782 antecedit,
1019 1711 1244 1793 restituendum

126 1823 185 1873 est:
209 1810 382 1890 σπάργανον
403 1804 481 1886 ἀμφ’
505 1807 596 1886 ὤμοις
619 1806 770 1885 εἰλυμένος
796 1808 852 1890 (sie
873 1830 964 1869 versu
990 1805 1123 1886 151).³³)

210 1913 241 1991 5)
266 1914 390 2000 Deinde
419 1912 499 1972 duae
528 1913 643 1970 formae
664 1913 824 1990 leguntur,
855 1931 934 1990 quae
958 1911 997 1970 ad
1021 1893 1088 1970 eam
1110 1912 1245 1972 radicem

125 2019 195 2093 laoy
217 2018 381 2094 pertinent,
407 2016 492 2081 cuius
515 2033 662 2092 praesens
686 2022 732 2072 est
755 2008 843 2091 ε’ἑργω
867 2010 969 2090 εἴμγω;
993 2035 1021 2072 v.
1041 2015 1100 2071 211
1119 2009 1244 2084 ἐξοπίσω
1347 2048 1350 2055 -

125 2111 154 2173 d’
178 2111 314 2193 ἀνέεργε,
344 2138 374 2176 v.
397 2117 458 2175 356
481 2110 623 2191 κατέερξε.
670 2113 732 2173 Sed
762 2115 937 2174 conferatur
961 2115 987 2169 P
1006 2115 1066 2173 752
1092 2107 1244 2191 (ἀνέεργον
1302 2132 1305 2137 “

126 2211 266 2295 ὀπίσσω),
290 2218 386 2277 altera
409 2218 506 2274 forma
529 2236 592 2274 non
614 2217 772 2274 invenitur
794 2216 877 2293 apud
895 2216 1070 2288 Homerum,
1095 2216 1150 2275 sed
1173 2236 1242 2274 con-

126 2321 253 2377 formata
276 2328 323 2378 est
345 2318 385 2377 ad
407 2319 488 2376 illius
512 2318 700 2394 aliarumque
724 2317 887 2375 formarum
911 2317 1092 2395 exemplum.

209 2417 241 2496 6)
266 2420 451 2498 Saepissime
467 2428 567 2477 autem
591 2421 622 2475 in
645 2419 702 2476 hoc
724 2418 839 2498 hymno
863 2419 993 2477 occurrit
1014 2437 1126 2476 nomen
1149 2411 1242 2493 ἔργον,

124 2523 188 2580 lam
217 2542 285 2581 cum
308 2522 444 2599 quinque
466 2521 541 2578 locis
566 2519 627 2598 (vv.
654 2522 702 2578 16.
726 2522 776 2579 80.
802 2521 872 2579 127.
896 2520 968 2578 454.
992 2517 1066 2596 516)
1090 2518 1243 2578 adiectiva

125 2624 276 2701 quaedam
297 2625 341 2682 ita
362 2622 490 2681 formam
512 2618 579 2700 ἔργα
603 2621 795 2695 antecedant,
823 2632 856 2680 ut
879 2623 919 2680 sit
940 2621 1092 2680 vocalium
1116 2641 1240 2679 concur-

125 2745 183 2797 sm,
209 2725 400 2802 digammatis
423 2724 586 2800 vestigium
607 2732 760 2781 servatum
783 2742 850 2782 esse
872 2722 1022 2782 videatur.
1068 2722 1130 2781 Sed
1152 2720 1242 2779 πίονα

125 2820 191 2902 ἔργα
222 2822 264 2900 (v.
290 2823 362 2899 127)
394 2824 476 2901 apud
504 2823 670 2882 Homerum
697 2824 810 2901 legitur
838 2825 878 2880 M
899 2825 970 2882 283.
998 2822 1017 2880 d
1046 2825 1120 2895 318,
1150 2820 1242 2881 τιλντά

125 2921 192 3003 ἔργα
221 2927 246 2982 Ζ
274 2926 336 2984 324
365 2921 562 3002 (περιτλυτοί).
612 2924 659 2982 Ac
693 2945 760 2982 cum
794 2925 918 2983 omnino
947 2925 1062 2983 similes
1091 2925 1241 2985 formulae

125 3028 236 3087 multae
265 3027 348 3104 apud
370 3026 537 3085 Homerum
560 3029 772 3099 inveniantur,
803 3023 912 3086 ceteris
936 3046 1058 3104 quoque
1079 3026 1154 3084 locis
1176 3027 1239 3085 Ho-

124 3130 197 3188 meri
220 3129 347 3187 imitatio
371 3128 569 3205 agnosccnda
592 3138 637 3186 est
662 3125 814 3203 (θαυματὰ
831 3125 900 3206 ἔργα
916 3150 945 3187 v.
962 3130 1012 3187 8‘0.
1030 3127 1101 3186 440.
1125 3122 1240 3199 ἕνδέξτα

124 3225 192 3307 ἔργα
214 3251 243 3288 v.
260 3228 332 3286 454.
357 3224 514 3306 ἐπαμοίβια
537 3225 605 3306 ἔργα
627 3251 656 3288 v.
674 3232 743 3302 516,
769 3231 808 3287 cf.
831 3223 935 3306 ἀγλαά,
958 3223 1089 3304 ἀεκήλια,
1112 3222 1238 3304 ἀήσυλα,
1287 3220 1289 3227 ’

123 3324 277 3405 ἀμήχανα,
306 3326 430 3407 καρτερὰ
459 3325 528 3407 ἔργα
556 3328 678 3406 11111111).
731 3329 806 3388 Cum
833 3330 1025 3388 hemistichio
1053 3322 1182 3406 ἀρίσημά
1210 3351 1239 3388 τε

123 3427 190 3509 ἔργα
213 3426 340 3506 τέτυκτο,
365 3432 447 3510 quod
469 3454 498 3490 v.
517 3432 555 3488 12
571 3431 692 3508 legitur,
716 3439 908 3509 comparetur
929 3430 1081 3490 simillima
1103 3431 1239 3490 clausula

123 3531 259 3611 χαρίεντα
281 3527 314 3590 δὲ
336 3527 404 3610 ἔργα
427 3530 526 3591 τελείει
550 3529 577 3608 (ξ
601 3528 672 3590 234,
695 3543 721 3604 ψ
746 3530 830 3607 161).
874 3532 923 3590 Dc
946 3531 1076 3590 formula
1097 3526 1238 3607 ἡμιόνους

123 3630 300 3712 ταλαέργους
325 3633 367 3711 (v.
390 3631 464 3710 568)
488 3634 550 3692 vid.
574 3654 644 3712 pag.
661 3635 711 3691 33.
756 3633 895 3711 Reliquis
917 3633 991 3690 locis
1015 3653 1115 3710 neque
1137 3633 1237 3691 hiatus

123 3757 179 3795 nec
201 3735 418 3814 productiones
442 3744 513 3794 ante
535 3736 616 3794 hano
637 3756 743 3794 vocem
765 3743 850 3807 sunt,
874 3734 930 3793 scd
954 3734 1097 3793 elisiones
1121 3744 1150 3793 et
1173 3754 1236 3792 cor·

189 3985 224 4051 ³³)
241 3987 311 4036 Nam
330 3978 419 4037 ἐτίθει
438 3991 515 4035 caret
533 3986 651 4050 obiecto,
670 3985 725 4034 nisi
742 3991 856 4050 recepta
874 3984 1058 4035 Baumeisteri
1076 3984 1237 4033 coniectura

123 4062 286 4134 (ἐελμένον)
305 4070 477 4120 durissimam
496 4071 567 4120 hanc
586 4074 750 4121 structuram
770 4069 914 4120 admittere
933 4066 1065 4120 volumus.
1095 4067 1236 4139 Nesseis,

124 4155 187 4220 quid
205 4155 260 4206 sibi
277 4153 346 4205 velit
364 4151 476 4224 σπονδή
494 4140 555 4205 dciv.
