2746 4642
587 201 738 298 maa-

108 391 203 447 suissc
228 387 326 463 (Ourt.
350 411 421 468 pag.
445 389 529 466 238).
574 389 636 448 Sed
665 391 782 448 nullum
804 389 894 447 huius
916 390 1036 448 litterae
1058 360 1221 467 alestigium

106 491 153 548 his
176 491 251 548 locis
275 499 443 567 comparet:
466 512 495 547 v.
520 490 559 547 35
584 485 624 546 ἔτι
646 483 676 545 δ’
699 486 824 565 ήλπετο,
846 512 875 547 v.
900 491 938 547 37
963 485 1057 566 τόφρα
1079 489 1110 547 οἱ
1129 487 1220 564 ε’λπίς,

106 614 135 648 v.
161 592 220 649 213
243 597 345 648 κακῶν
367 584 423 646 ἔπ’
448 585 536 647 ἔολπα
559 587 681 667 τοκήων.

191 690 222 767 5)
252 692 294 750 Ut
326 693 393 751 voci
426 687 493 760 ἔπος
523 692 666 750 amissum
695 693 847 770 digamma
876 694 1100 763 restitueretur,
1135 691 1220 749 Hoff-

106 813 235 850 mannus
260 790 292 868 (ᾗ
316 790 390 869 261)
414 792 512 850 tribus
534 793 609 850 locis
632 813 669 852 ea
691 793 875 864 immutavit,
904 812 981 870 quae
1004 793 1117 851 tradita
1140 802 1220 850 sunt.

106 894 205 951 Versu
234 895 316 952 enim
340 895 398 952 118
422 893 513 968 scribi
541 894 629 951 iussit
656 886 675 967 ἡ
698 889 732 948 δὲ
754 888 874 950 ἔπεσσιν
898 890 1000 968 (codd.
1023 887 1042 968 ή
1065 887 1095 950 δ’
1121 889 1220 950 ἔπέεσ-

106 993 182 1069 σιν),
213 1017 242 1052 v.
267 997 325 1052 199
349 988 419 1050 οὐδέ
441 987 500 1050 τιν’
524 989 592 1052 οὕτε
615 989 676 1051 ἔπει
698 991 920 1071 προσπτύσσετο
944 992 1045 1069 (codd.
1069 987 1135 1050 οὔτ’
1160 989 1224 1050 ἔπεϊ

105 1094 256 1171 προσπτ.),
287 1117 315 1153 r.
345 1097 407 1154 320
434 1092 487 1151 καί
511 1115 562 1170 μιν
589 1091 756 1170 φωνήσασα
784 1091 854 1152 ἔπεα
882 1090 1038 1171 πτερόεντα
1066 1091 1221 1170 προσηύδα

108 1194 210 1270 (codd.
234 1190 390 1271 φωνήσασ’
414 1192 499 1268 licem
528 1217 566 1254 ex
588 1195 767 1255 Hoffmanni
795 1197 914 1255 ratione
943 1192 1013 1253 ἔπεα
1035 1196 1221 1275 trisyllabum

106 1298 367 1374 pronuntiandum
390 1297 460 1373 est).
498 1297 561 1356 Sed
584 1298 703 1356 etiamsi
725 1297 790 1355 fieri
812 1306 925 1374 posset,
949 1306 982 1355 ut
999 1297 1219 1355 Hoffmannum

105 1418 312 1475 sequeremur,
350 1407 452 1456 tamen
482 1399 547 1456 istis
575 1398 650 1456 locis
678 1417 766 1456 usus
796 1397 987 1476 digammatis
1017 1398 1219 1456 demonstrari

106 1520 168 1556 non
197 1509 313 1577 posset,
344 1520 411 1557 cum
432 1499 560 1557 Homeri
587 1500 715 1558 imitatio
745 1500 777 1556 in
807 1500 850 1558 eis
876 1499 1074 1577 agnoscenda
1095 1501 1149 1558 sit:
1179 1499 1219 1558 ad

105 1623 133 1658 τ.
160 1603 220 1660 118
245 1595 273 1676 (
304 1594 333 1656 d’
364 1595 499 1658 ἐπέεσσιν
525 1594 660 1676 ἀμείβετο
687 1595 783 1658 πότνα
809 1595 925 1677 θεοέων)
950 1601 989 1660 cf,
1013 1599 1039 1656 0
1063 1601 1122 1657 127
1144 1593 1164 1675 ή
1187 1593 1216 1656 δ’

12 1679 17 1688 ’
106 1696 220 1758 έπέεσσι
241 1698 412 1759 καθάπτετο
434 1704 549 1778 θοῦρον
564 1698 670 1777 Ἄρηα,
694 1701 732 1759 de
754 1722 783 1759 v.
803 1702 861 1759 199
880 1711 910 1759 et
927 1703 990 1759 320
1011 1701 1074 1760 vid.
1091 1722 1162 1779 pag.
1178 1703 1218 1759 57

106 1812 138 1860 et
160 1797 255 1879 5349)
281 1837 322 1844 —
344 1803 517 1862 Videantur
546 1802 736 1879 digammatis
758 1822 846 1860 usum
868 1802 1006 1860 indicare
1029 1821 1065 1859 ea
1087 1821 1217 1878 quoqne,

105 1923 184 1980 quae
212 1905 360 1961 sunt'vv.
386 1905 455 1961 117.
486 1904 546 1961 323
577 1900 618 1978 (τ.
643 1903 682 1961 53
709 1903 795 1960 mitto
825 1912 950 1981 propter
977 1922 1132 1961 caesuram
1159 1912 1218 1959 tro·

105 2005 240 2062 chaicam
262 2004 323 2062 ΙΙΙ.
347 2004 450 2081 pedis,
481 2024 561 2081 quae
584 2013 630 2062 est
650 2005 731 2062 inter
758 1996 936 2081 ἀγγελέουσα
966 2013 996 2063 et
1018 1999 1111 2080 ἔπος).
1157 2003 1218 2061 Sed

105 2100 175 2179 ε’μδν
203 2099 270 2173 ἔπος
292 2126 322 2162 v.
346 2105 407 2164 323
431 2115 477 2164 est
504 2105 635 2164 formula
663 2105 830 2176 homerica,
861 2114 894 2163 ut
923 2105 1045 2163 ostendi
1067 2125 1137 2181 pag.
1161 2105 1216 2177 59;

105 2228 133 2264 v.
152 2208 210 2263 117
227 2206 385 2283 productio
407 2206 576 2284 particulae
591 2201 646 2281 μέν
661 2206 885 2284 quodammodo
903 2215 1063 2266 excusatur
1078 2206 1219 2282 sequenti

106 2327 232 2366 caesura
264 2308 530 2384 semiseptenaria,
572 2307 609 2366 de
643 2327 704 2384 qua
736 2308 775 2365 cf.
806 2306 919 2365 Hoffm.
949 2306 1089 2384 Quaestt.
1118 2305 1137 2380 ξ
1168 2307 1217 2363 74.

105 2408 246 2479 Accedit,
282 2407 364 2484 quod
392 2409 424 2465 in
455 2409 561 2466 eodem
590 2427 680 2466 versu
711 2408 863 2485 digamma
890 2408 974 2465 vocis
1002 2403 1086 2484 ἔργον
1113 2416 1218 2484 aperte

106 2510 278 2586 neglectum
301 2517 347 2566 est
371 2502 458 2584 (ἠμὲν
480 2503 542 2566 ἔπει
563 2500 617 2583 ήδὲ
638 2505 689 2565 καὶ
711 2504 809 2587 ἔργῳ).

191 2608 221 2685 6)
245 2610 283 2666 In
306 2629 381 2668 voce
404 2604 489 2684 ἔργον
511 2611 577 2687 ipse
592 2609 797 2668 Hoffmannus
814 2609 954 2668 concedit
969 2610 1087 2667 nullum
1104 2609 1217 2687 digam-

105 2711 195 2767 matis
218 2710 380 2787 vestigium
402 2729 586 2788 comparere.
623 2711 767 2788 Legimus
786 2710 868 2769 enini
881 2733 910 2772 v.
929 2712 987 2768 117
1003 2703 1056 2785 ήδὲ
1071 2706 1121 2767 καὶ
1135 2706 1216 2790 ἔργῳ,

28 2882 30 2886 Ι
105 2834 134 2869 r.
160 2813 220 2869 140
246 2805 391 2886 ἀφήλικος
418 2806 504 2889 ἔργα,
532 2833 560 2870 v.
585 2813 643 2871 351
674 2808 796 2887 μήδεται
824 2806 917 2887 ἔργον.
962 2811 1019 2868 His
1046 2812 1136 2882 locis,
1166 2813 1218 2888 qui

106 2912 329 2984 demonstrant,
358 2913 442 2970 illam
469 2913 601 2971 litteram
629 2933 751 2992 prorsus
781 2913 955 2984 evanuisse,
986 2912 1067 2971 addo
1092 2935 1121 2970 v.
1147 2913 1216 2983 199,

105 3013 163 3070 ubi.
186 3022 231 3072 ost
258 3009 325 3070 οὔτε
353 3033 379 3068 τι
407 3009 479 3093 ἔργῳ
510 3011 549 3090 (τι
576 3034 742 3092 numquam
770 3014 908 3089 eliditur;
943 3015 981 3072 cf.
1013 3014 1051 3071 de
1079 3014 1110 3071 h.
1138 3033 1217 3072 vers.
1243 3070 1248 3087 ,

105 3134 175 3190 pag.
205 3112 274 3188 58),
311 3123 341 3173 et
369 3136 398 3173 V.
428 3117 482 3186 93,
517 3114 570 3173 ubi
605 3125 649 3173 est
682 3115 812 3175 formula
845 3115 999 3173 homerica
1032 3113 1121 3172 πίονα
1150 3110 1217 3191 ἔργα

107 3214 161 3290 (Μ
180 3216 251 3274 283.
274 3212 293 3270 δ
315 3212 401 3291 318).

190 3312 221 3390 7)
245 3314 339 3373 Haud
367 3336 434 3375 raro
463 3318 495 3373 in
522 3317 580 3374 hoc
601 3317 717 3394 hymno
740 3315 855 3375 formae
878 3338 896 3375 a
918 3317 1020 3377 radice
1042 3315 1094 3378 έιδ
1117 3320 1217 3377 oriun-

106 3415 163 3473 dac
192 3425 366 3482 occurrunt;
395 3438 452 3475 nec
481 3416 592 3475 desunt
622 3418 813 3494 digammatis
841 3417 982 3494 vestigia.
1028 3418 1090 3477 Sed
1112 3421 1218 3494 θαῦμα

105 3512 225 3573 ἰδέσθαι
247 3538 276 3575 v.
299 3517 360 3574 427
384 3527 430 3576 est
452 3519 619 3581 notissima,
633 3519 763 3577 formula
784 3519 951 3592 homerica3
976 3540 1004 3576 v.
1022 3520 1081 3578 321
1105 3521 1219 3598 legitur

106 3615 253 3695 Δήμητερ,
275 3613 371 3676 καλέει
394 3633 425 3677 σε
447 3615 543 3696 πατὴρ
565 3615 641 3689 Ζεὺς
663 3614 782 3694 ἔφθιτα
804 3613 906 3693 εἰδώς,
930 3619 1011 3696 quod
1034 3621 1101 3678 sine
1124 3620 1217 3680 dubio

105 3729 203 3777 ortum
226 3729 272 3779 est
293 3741 331 3778 ex
345 3720 377 3777 Ω
392 3721 431 3778 88
446 3715 527 3799 ἔρσο,
551 3716 633 3778 Θέτι·
656 3716 752 3779 καλέει
767 3715 842 3789 Ζεὺς
864 3715 982 3793 ἄφθιτα
1003 3717 1099 3796 μήδεα
1121 3718 1216 3791 εἰδώς.

104 3821 212 3897 Neque
241 3821 330 3879 aliter
357 3841 406 3880 res
434 3842 466 3881 se
493 3822 588 3881 habet
612 3845 642 3881 v.
666 3824 726 3882 385
755 3816 774 3897 ἡ
802 3817 835 3878 δὲ
858 3819 965 3879 ἰδοῦσα
985 3814 1059 3897 ἤιξ’,
1088 3841 1217 3898 quocum

105 3931 296 3999 comparetur
318 3922 344 3978 Ο
366 3923 406 3981 85
435 3922 466 3981 οἱ
489 3919 523 3980 δὲ
550 3919 663 3993 ἰδόντες
683 3920 688 4003 )
706 3920 815 3993 πάντες
837 3917 972 3999 ἆνήιξαν.
1018 3922 1164 3981 Similiter
1185 3918 1218 3980 δέ

171 4137 208 4204 ⁴⁹)
226 4139 370 4190 Bekkerus
389 4138 497 4205 quidem
515 4143 556 4191 sic
575 4142 700 4207 scripsit,
718 4146 749 4192 nt
766 4141 947 4193 Hoffmannus
964 4141 1114 4208 proposuit.
