2746 4642
652 217 672 276 5

104 406 135 460 Σ
149 405 224 480 1853
250 414 281 464 et
296 408 427 464 correxit
448 407 531 464 idem
546 407 673 478 iniuria,
698 415 732 464 ut
746 408 820 464 mihi
836 407 971 479 videtur,
996 401 1023 463 τ’
1041 399 1100 464 οἷδ’
1124 409 1149 463 Z
1164 411 1224 468 367

105 505 220 582 (Bekk.
234 503 273 563 ori'
293 528 349 582 yae
369 501 479 585 aoto’),
503 506 556 576 τίς
580 501 610 564 δ’
628 499 686 565 οἷδ’
706 511 736 564 Λ
754 510 824 566 792.
850 508 962 567 0403.
987 510 1018 564 Π
1034 512 1096 568 860
1113 507 1224 585 (Bekh.

104 606 146 676 τίς
166 601 283 685 ’δοῖδ’),
308 598 348 696 εὖ
372 605 414 665 νύ
438 628 491 665 τοι
515 600 581 665 οἶδα
606 607 718 685 (Bokk.
742 600 776 666 εὖ
799 631 838 666 νυ
861 606 892 665 τὸ
914 608 1014 687 loide)
1044 613 1070 665 T
1089 612 1161 668 421.
1184 645 1225 651 -

102 710 201 768 Nemo
224 710 325 768 adhue
348 713 480 770 correxit
503 733 560 770 neo
583 713 715 789 corriget
738 712 793 769 hos
811 709 971 790 Odysseae
993 713 1090 770 locos:
1114 705 1146 786 δ’
1163 703 1210 768 old
1216 706 1223 729 ’

103 811 122 887 β
138 813 210 870 332.
233 833 252 887 y
275 806 462 890 als—tls
482 811 564 892 εἰδῇς
588 813 608 889 β
632 816 703 871 111.
729 845 764 853 -
791 805 863 890 ὄφρ’
886 811 968 892 εἰδῇς
992 834 1002 868 ι
1025 815 1096 872 348.
1120 816 1223 888 χ234.

105 946 141 953 -
166 906 197 968 σ’
222 910 355 988 ἴδμενθ
380 915 450 972 146.
475 946 514 955 -
538 907 568 970 τ’,
590 912 677 989 ἴδμεν
699 935 717 970 κ
742 916 811 973 190.
835 935 852 991 ρ
877 917 925 972 78.

187 1032 285 1090 Nemo
309 1032 435 1110 negabit
459 1044 513 1110 pro
538 1033 735 1092 multitudine
758 1034 892 1091 locorum
916 1067 953 1074 —
980 1035 1068 1091 attuli
1091 1034 1130 1091 ad
1154 1055 1222 1092 een-

102 1143 165 1191 tum
189 1143 219 1192 et
241 1135 368 1210 triginta
390 1168 431 1177 -
453 1155 614 1192 numerum
636 1135 834 1216 formularum
858 1136 1002 1213 exiguum
1025 1155 1105 1210 esse3
1129 1136 1223 1212 longe

103 1236 184 1293 enim
206 1236 344 1313 plurimis
366 1237 440 1295 loeis
464 1237 572 1296 eadem
594 1236 745 1296 voeabula
767 1238 898 1296 redeunt
921 1247 973 1296 aut
995 1238 1158 1295 simillima.

112 1430 115 1435 ·
186 1405 287 1483 Quam
319 1414 384 1464 arte
418 1427 467 1478 ea,
503 1426 582 1484 quae
615 1407 705 1465 modo
740 1408 773 1465 in
808 1407 946 1485 digressu
977 1409 1119 1485 exposui,
1155 1430 1223 1466 eum

101 1517 202 1566 nostre
239 1507 419 1586 quaestione
454 1507 655 1579 cohaereant,
687 1509 789 1565 statim
822 1509 991 1586 apparebit.
1045 1508 1107 1586 Qui
1141 1512 1222 1567 enirn

101 1617 223 1686 putant,
254 1609 337 1687 apud
359 1608 528 1668 Homerum
550 1608 664 1686 ubique
693 1610 773 1667 vivi
802 1610 994 1688 digammatis
1017 1611 1148 1688 vestigia
1171 1631 1220 1671 ex-

101 1719 181 1769 stare
204 1719 296 1788 atque
319 1711 384 1768 eius
408 1711 622 1784 eoudieionem
645 1712 677 1768 in
699 1711 822 1790 hymnis
846 1712 911 1770 fere
935 1712 1066 1771 eandem
1088 1732 1155 1771 osse
1177 1723 1220 1770 at-

100 1831 159 1890 que
182 1813 214 1869 in
236 1812 337 1870 Iliade
361 1821 390 1870 et
414 1809 570 1890 Odyssea,
596 1813 624 1871 ei
645 1813 735 1870 sirnul
757 1813 930 1878 eone-edant
951 1833 1077 1887 necesse
1101 1823 1146 1872 est
1169 1824 1221 1872 aut

100 1914 230 1992 hymnos
253 1933 376 1992 quoque
399 1915 554 1991 pertinere
571 1914 610 1972 ad
632 1915 763 1991 priscam
785 1915 869 1974 illam
892 1924 1033 1988 aetatem,
1058 1935 1118 1993 qua
1141 1936 1220 1993 quae

99 2017 224 2093 proprie
259 2016 403 2074 dicuntur
436 2016 589 2074 homerica
618 2017 753 2075 earmina
786 2025 852 2073 orta
885 2025 971 2089 sunt,
1004 2026 1057 2075 aut
1085 2018 1219 2076 litteram

99 2118 183 2176 illam
212 2137 396 2196 quamquam
424 2118 651 2190 moribundam,
682 2127 715 2176 ut
743 2119 786 2176 ita
815 2119 926 2191 dicam,
957 2120 1098 2178 miseram
1125 2121 1219 2178 vitam

98 2214 227 2278 traxisse
249 2240 305 2297 per
326 2229 391 2279 tota
413 2221 544 2279 saecula.
591 2220 683 2297 Quod
712 2230 874 2298 utrumque
896 2223 963 2280 veri
985 2231 1032 2280 est
1055 2222 1223 2280 dissimilii-1

100 2340 189 2378 mum.
222 2319 299 2379 Cum
315 2322 396 2380 enim
418 2323 555 2399 singulos
577 2323 660 2382 locos
684 2322 811 2393 adimus,
836 2322 888 2380 ubi
912 2323 1103 2400 digammatis
1126 2324 1217 2381 vesti-

100 2423 149 2499 gia
172 2443 348 2501 comparere
369 2424 543 2497 videantur,
561 2423 741 2501 singillatim
764 2424 856 2482 etiam
879 2424 1088 2482 demonstrare
1111 2427 1216 2500 possu-

99 2544 176 2596 mus,
202 2525 285 2601 quod
301 2545 339 2585 ex
356 2527 412 2598 eis,
438 2545 517 2603 quae
532 2546 625 2603 supra
641 2526 871 2603 disputavimus,
896 2527 956 2584 iam
971 2527 1043 2584 lieet
1057 2525 1216 2602 suspicari.

97 2627 176 2684 Nam
204 2628 321 2687 omissis
350 2629 393 2686 eis
422 2627 567 2706 pedibus,
597 2629 630 2686 in
658 2627 768 2706 quibus
796 2648 901 2686 vorsus
928 2627 1068 2686 heroicus
1093 2628 1216 2684 omnino

96 2729 253 2788 licentiam
286 2729 441 2806 quandam
475 2730 623 2802 admittit,
660 2730 812 2789 easdem
845 2730 1028 2788 forniulas
1066 2739 1216 2788 restare

96 2830 286 2903 videmus,
332 2851 429 2908 quae
466 2832 542 2888 ianr
578 2831 691 2908 apud
729 2831 932 2889 Homerum
970 2827 1215 2908 digammatis

96 2933 268 3010 vestigia
291 2929 537 3009 continenti)
585 2933 685 3010 Quam
701 2954 764 2991 rem
781 2933 954 3005 desinemus
977 2933 1088 3005 mirari,
1112 2933 1213 2990 simul-

96 3055 132 3091 ae
160 3033 372 3110 eognovimus,
408 3044 556 3111 quantum
587 3036 711 3093 omniuo
740 3035 923 3114 hymnorum
952 3045 1061 3112 poetae
1089 3034 1215 3092 Homeri

96 3135 302 3194 elocutionem
324 3136 435 3194 imitati
456 3137 528 3197 sint.

282 3449 314 3515 l.
351 3451 404 3516 De
425 3451 558 3531 hymno
581 3453 618 3516 in
642 3450 845 3533 Apollinem
868 3451 1024 3516 Delium.
1086 3417 1088 3421 Ι

182 3623 213 3702 1)
238 3627 287 3685 De
309 3627 447 3686 versibus
472 3629 545 3699 178,
576 3647 651 3704 quos
673 3628 806 3705 hymnus
833 3628 866 3684 in
889 3625 1066 3704 Apollinem
1088 3629 1212 3686 Delium

95 3730 247 3800 eontinet,
271 3738 416 3806 septem
439 3730 648 3788 tantummodo
665 3730 779 3804 integri
796 3749 833 3800 err
847 3728 981 3786 Homero
997 3730 1110 3806 sumpti
1125 3742 1210 3788 sunt:

93 3826 148 3906 47)
173 3823 259 3887 αἰδὲ
280 3825 348 3904 μάλ’
373 3825 509 3906 ἐτρόμεον
526 3822 581 3886 ’καὶ
604 3825 767 3902 ἐδείδισαν,
791 3822 861 3886 οὐδέ
883 3849 926 3898 τις
949 3825 1014 3904 ἔτλη
1030 3853 1071 3879 =
1094 3830 1126 3884 H
1151 3832 1208 3888 151

96 3928 171 4008 (nisi
186 3931 269 4009 quod
284 3929 338 4008 οἱ).
354 3964 396 3971 —
415 3930 467 4008 69)
484 3929 534 3989 καὶ
555 3933 694 4006 θνητοῖσι
716 3931 866 4007 βροτοῖσιν
889 3926 936 3988 ἐπὶ
958 3929 1096 4005 ζείδωρον
1117 3926 1209 4008 δρου-

93 4083 296 4091 --—------—

161 4183 184 4246 ⁶)
201 4183 316 4232 Prorsus
333 4183 406 4231 idem
426 4183 507 4232 etiarn
525 4185 554 4231 in
572 4183 687 4232 Hesiodi
706 4183 829 4232 earmina
848 4183 929 4231 eradit.
