2746 4642
603 1002 757 1102 Vita.

237 1311 319 1389 Ego,
354 1311 541 1370 Ernestus
577 1309 788 1370 Guilelmus
824 1307 991 1369 Osoarus
1025 1309 1242 1382 Windisob‚

126 1438 218 1488 natus
255 1449 320 1488 sum
347 1429 502 1501 Dresdae,
537 1427 590 1486 ubi
622 1438 709 1507 pater
743 1429 918 1488 etiamnunc
949 1431 1087 1507 magistri
1119 1449 1246 1489 munere

124 1548 281 1625 fungitur,
313 1568 395 1606 anno
424 1548 454 1605 h.
478 1567 501 1606 s.
526 1546 759 1625 quadragesimo
788 1557 896 1626 quarto
925 1548 1024 1627 pridie
1053 1547 1134 1635 Non.
1159 1545 1244 1626 Sept.

128 1665 206 1725 Cum
228 1685 284 1744 per
305 1667 486 1726 sexennium
501 1664 636 1724 scholam
658 1665 741 1724 illam
757 1666 912 1740 obiissem‚
939 1687 1018 1746 quae
1033 1665 1175 1725 Dresdae
1200 1675 1245 1724 est

124 1785 166 1842 ad
194 1783 312 1843 Aedem
343 1785 387 1843 St.
418 1782 537 1854 emole,
574 1783 685 1861 dignus
713 1785 873 1856 inventus,
909 1786 962 1863 qui
995 1785 1028 1842 in
1057 1784 1245 1844 academiam

122 1903 300 1976 transirem,
329 1903 466 1980 Lipsiam
493 1923 541 1960 mo
570 1902 796 1962 contubermo
824 1904 854 1960 h.
878 1924 901 1962 s.
924 1904 1114 1980 sexagesimo
1143 1905 1242 1975 tertio,

123 2021 231 2099 ibique
260 2042 314 2098 per
343 2021 579 2100 quadriennium
613 2030 813 2080 commoratus
842 2021 1030 2100 philologiae
1058 2022 1168 2080 studiis
1196 2043 1244 2080 me

125 2139 243 2198 dedidi.
282 2139 352 2216 Qua
378 2141 410 2197 in
437 2161 469 2198 re
491 2140 582 2198 Viros
608 2139 835 2200 Illustrissimos
861 2139 966 2199 audivi
987 2139 1242 2199 Brookhausi-

123 2279 196 2329 um,
229 2257 418 2330 Curtium,
442 2258 638 2329 Ebertum,
663 2260 944 2331 Eoksteinium,
969 2259 1240 2329 Fritzschium,

83 2357 86 2361 ’
123 2376 335 2448 relatarum,
366 2375 659 2448 Overbaekiun„
690 2377 958 2447 mamertum,
996 2376 1241 2448 sementum,

125 2493 363 2574 Seydelium,
387 2495 609 2566 Weissium,
635 2496 974 2567 Wostormannum,
1006 2496 1243 2555 Zarnckium.

123 2613 190 2672 Neo
218 2634 281 2672 non
310 2634 366 2692 per
393 2614 553 2672 biennium
581 2615 694 2698 sodalis
723 2615 767 2672 fui
797 2614 960 2674 Seminarii
988 2615 1079 2691 Regii
1107 2613 1241 2672 Philolo-

124 2753 245 2810 gorum‚
282 2732 365 2810 quod
392 2733 518 2810 Lipsiae
548 2733 649 2804 floret,
671 2735 837 2811 'proximos
871 2755 926 2792 sex
957 2753 1078 2792 menses
1113 2733 1242 2792 senioris

123 2871 251 2909 munere
279 2851 412 2911 sunetus.
466 2851 533 2910 Illis
562 2873 634 2911 vero
658 2852 739 2911 Viris
768 2852 984 2911 illustrissimis
1013 2853 1065 2930 qui
1092 2851 1242 2928 singulari

123 2970 244 3046 ingenii
274 2969 412 3029 doctrina
442 2978 473 3028 et
501 2969 721 3030 benevolentia
751 2971 845 3030 animi
872 2971 986 3048 insigni
1014 2990 1130 3028 summa
1159 2969 1242 3047 apud
1305 3044 1309 3049 ἢ

123 3107 173 3145 me
197 3087 424 3148 collocaverunt
446 3088 608 3161 beneficia,
633 3090 779 3148 maximas
802 3091 916 3167 gratias
939 3110 997 3168 ago
1021 3089 1192 3165 habeoque
